2196 3522
1044 309 1130 352 1561
1852 303 1899 349 67

358 411 544 456 Crebris
559 412 568 433 ¹
581 410 725 454 literis
740 424 797 454 ex
809 409 1091 466 Portugallia
1100 408 1444 466 significabatur
1459 405 1709 453 necessitas
1718 405 1897 463 collegij

271 488 505 534 eborensis
530 494 578 533 et
598 487 958 540 conimbriensis,
983 493 1029 530 et
1049 485 1318 543 periculum,
1343 485 1431 529 nisi
1452 483 1691 529 confestim
1711 497 1900 527 succur—

271 572 460 610 reretur.
501 564 755 609 Videbatur
790 563 919 620 quasi
956 562 1152 607 schisma
1187 563 1430 619 quoddam:
1466 561 1573 605 hinc
1600 562 1768 614 Araoz,
1797 559 1902 603 inde

273 644 326 686 P.
351 642 637 686 Franciscus.
1738 676 1744 683 .

358 719 516 764 Voluit
536 734 609 764 me
633 721 768 764 Pater
791 729 862 774 3.0
887 716 1114 775 proficisci
1135 716 1182 759 in
1204 716 1486 773 Hispaniam,
1519 716 1624 759 dein
1656 715 1771 759 124
1798 715 1855 758 ad
1886 715 1900 734 ¹

267 796 378 841 alias
397 796 670 853 prouincias.
695 795 835 840 Dedit
856 794 1171 839 auctoritatem
1194 793 1420 851 generalis
1442 792 1752 848 commissarij‚
1772 807 1798 835 a
1814 806 1904 848 qua

267 874 442 917 nullum
464 873 647 930 exemjt:
672 873 797 916 dedit
827 872 1088 916 facultatem
1116 878 1162 915 et
1190 885 1303 926 quas
1331 870 1483 914 literas
1511 885 1567 914 ex
1588 868 1904 912 commissione

266 950 487 995 scriberet
510 952 561 994 P.
587 950 830 1003 Polancus,
854 963 1034 1006 possem
1057 962 1146 1005 ego
1169 946 1470 1004 interpretari.
1638 938 1643 944 ’

355 1027 528 1084 Accepi
548 1027 702 1072 literas
722 1041 750 1070 a
773 1026 871 1079 Pio,
891 1034 936 1070 et
953 1041 980 1070 a
997 1027 1134 1069 Patre
1150 1025 1208 1069 ad
1225 1024 1486 1081 Philippum
1502 1023 1656 1066 literas
1672 1036 1902 1066 commen-

265 1103 469 1158 daticiaS,
481 1102 843 1148 benedictionem
860 1102 996 1148 etiam
1012 1117 1038 1146 a
1056 1101 1154 1145 Pio.
1167 1103 1183 1123 ³
1202 1101 1308 1145 Fuit
1323 1100 1432 1144 mihi
1448 1099 1651 1144 studiose
1668 1113 1901 1143 commen-

265 1182 422 1225 datum
443 1196 470 1224 a
492 1183 628 1226 Patre
649 1188 698 1223 vt
713 1194 917 1224 curarem
941 1178 1294 1222 vniformitatem
1316 1177 1470 1221 induci
1492 1191 1571 1234 per
1607 1191 1767 1221 omnes
1795 1190 1900 1233 pro-

268 1258 456 1302 uincias.
482 1256 597 1314 Petij
621 1256 795 1300 socium
823 1255 1080 1308 Ximenem,
1100 1254 1177 1312 qui
1193 1256 1390 1299 habebat
1407 1253 1588 1311 quidem
1620 1260 1727 1297 vota
1744 1252 1891 1298 Socie—

267 1335 388 1388 tatis,
407 1335 490 1380 sed
511 1335 659 1378 adhuc
683 1333 949 1378 versabatur
969 1332 1016 1375 in
1038 1332 1232 1389 collegio
1254 1331 1516 1389 germanico
1538 1331 1666 1375 cultu
1688 1329 1894 1374 seculari.

265 1405 570 1451 Discessimus
592 1420 649 1450 ex
670 1405 782 1450 vrbe
810 1405 860 1448 18
883 1403 1156 1448 Nouembris
1179 1404 1210 1447 ⁴.

351 1483 519 1527 Ienuae
539 1481 883 1539 expectauimus
910 1482 1054 1524 donec
1083 1479 1355 1538 nauigarent
1386 1479 1592 1524 triremes
1619 1477 1895 1535 hispanicae,

220 1612 225 1616 ,
260 1573 379 1615 quae
399 1559 636 1602 soluerunt
663 1558 670 1616 Ι
698 1574 755 1603 ex
775 1564 910 1615 portu
933 1557 979 1600 in
1003 1558 1119 1601 festo
1136 1556 1231 1600 diui
1254 1558 1471 1600 Thomae.
1506 1555 1699 1600 Absolui
1727 1554 1898 1599 scholia

261 1638 443 1680 Ienuae.
478 1635 606 1680 Passi
635 1650 792 1679 sumus
819 1634 866 1678 in
894 1635 1058 1692 pelago
1087 1633 1363 1678 narbonensi
1402 1636 1416 1657 ³
1450 1633 1612 1679 seriam
1653 1638 1896 1689 tempesta-

262 1720 369 1757 tem.
396 1712 527 1756 Eruit
542 1727 627 1757 nos
650 1712 891 1765 Dominus,
917 1726 1058 1768 quum
1081 1712 1176 1756 fere
1198 1718 1320 1756 esset
1340 1712 1463 1756 salus
1483 1711 1730 1767 deplorata.

808 1869 872 1911 IN
905 1867 1205 1912 HISPANIA
1240 1868 1300 1922 3.⁰
1332 1867 1348 1889 ⁶

1028 1987 1132 2021 1561

287 2120 289 2123 ·
347 2100 568 2145 Venimus
590 2099 938 2152 Barchinonam,
963 2098 1040 2142 vbi
1063 2099 1175 2155 nihjl
1197 2098 1273 2156 egi
1295 2113 1378 2156 pro
1400 2098 1568 2152 officio3
1594 2097 1892 2155 properabam

257 2179 315 2222 ad
337 2178 582 2222 Castellam
603 2178 677 2222 vel
701 2179 752 2220 Ρ.
779 2177 816 2220 F
818 2175 1090 2220 ranciscum.

849 2309 1093 2340 COMPLUTI
1103 2329 1113 2348 ,
1149 2309 1299 2339 PRIMO

345 2410 456 2454 Inde
477 2409 789 2465 Complutum:
813 2407 889 2450 hic
919 2406 1116 2451 conueni
1145 2406 1408 2450 Araozium:
1442 2406 1644 2452 intellexi
1670 2407 1728 2450 de
1757 2407 1893 2451 rebus

258 2486 312 2529 P.
338 2485 567 2529 Francisci
588 2485 703 2541 alijs,
728 2492 774 2530 et
796 2485 922 2541 quod
942 2499 1047 2528 cum
1072 2484 1386 2528 Bustamantio
1408 2484 1679 2529 discesserat
1699 2498 1755 2527 ex
1779 2486 1891 2527 Por-

249 2562 463 2619 ·tugallia,
488 2564 677 2606 Romam
698 2563 873 2607 habens
893 2561 995 2615 iter;
1027 2563 1108 2606 sed
1137 2577 1193 2606 ex
1221 2561 1397 2614 itinere,
1424 2575 1565 2618 quum
1593 2575 1752 2617 parum
1773 2566 1892 2604 esset

256 2638 368 2682 125
389 2638 586 2683 Castella
607 2653 892 2695 progressus,
918 2638 1052 2694 redijt
1073 2638 1120 2680 in
1146 2638 1489 2695 Portugalliam.

342 2714 447 2759 Misi
466 2714 697 2771 proprium
713 2715 924 2759 nuntium
941 2716 999 2758 ad
1014 2717 1067 2758 P.
1087 2716 1123 2758 F
1126 2714 1402 2769 ranciscum,
1421 2715 1478 2758 de
1494 2713 1683 2758 consilio
1699 2715 1890 2757 Patrum

321 2814 333 2836 ¹
385 2815 476 2861 Ms.‚
493 2815 630 2851 crebis.

319 2876 334 2896 ²
384 2874 430 2909 In
447 2885 520 2909 ms.
539 2875 594 2910 ad
605 2874 815 2921 repetitum
829 2879 904 2910 est.

319 2933 334 2954 ³
384 2934 467 2969 Has
484 2933 636 2970 litteras
652 2933 743 2969 vide
759 2932 800 2968 in
816 2938 846 2968 t.
866 2934 899 2980 Ι,
916 2945 1033 2980 pagg.
1059 2933 1212 2979 358-361
1225 2960 1235 2969 .

320 2993 336 3014 ⁴
386 2992 645 3040 SAccmNus,
663 2993 735 3028 loc.
757 2992 842 3036 cit„
857 2992 926 3028 lib.
944 3001 1001 3038 ιν,
1020 3005 1059 3028 n.
1082 2994 1162 3039 196.

322 3052 337 3073 ⁸

322 3112 337 3133 8

387 3051 478 3098 Ms.‚
496 3051 759 3088 narbanensi.

388 3111 432 3146 In
450 3111 625 3157 margine
643 3110 707 3146 hic
725 3110 863 3146 titulus
880 3109 1088 3156 repetitur.
