2196 3522
305 276 377 321 464
856 276 994 312 Eprs‘r.
1023 275 1069 311 P.
1095 274 1365 312 NADAL—336

303 376 514 421 hauendo
537 376 650 419 fatto
672 390 734 419 un
755 376 932 420 mirabil
962 376 1109 420 fructo
1139 377 1258 422 nella
1285 392 1368 422 sua
1395 377 1668 434 probatione.
1695 378 1942 435 Sappiamo

302 455 448 497 anche
469 454 554 497 che
575 452 607 495 il
627 452 883 509 patriarcha
904 454 962 498 de
979 452 1171 510 Etyopia
1187 461 1342 498 nostro
1359 455 1384 498 e
1401 462 1548 498 morto
1563 456 1637 500 nel
1654 454 1780 499 India
1796 457 1940 501 molto

302 537 584 574 santamente
613 544 745 574 como
771 530 888 576 dice.
914 532 971 574 V.
999 531 1053 574 R.
1079 530 1109 573 li
1138 531 1473 576 raccommandi
1495 546 1521 575 a
1542 531 1645 576 Dio.
1673 533 1716 576 A
1738 534 1797 577 N.
1824 535 1876 577 P.
1902 534 1934 576 li

302 622 409 664 pare
435 609 522 652 che
549 606 580 649 li
608 607 766 651 lectori
794 608 852 652 de
879 607 1028 664 logica
1055 613 1101 651 et
1130 607 1413 664 philosophia
1440 622 1533 651 non
1560 608 1691 652 usino
1720 609 1854 654 fretta
1875 611 1937 654 de

302 684 455 742 spedir
475 684 523 727 in
545 699 608 727 un
630 699 764 737 anno,
789 686 875 728 che
901 685 1031 727 basta
1052 686 1136 728 che
1157 684 1189 727 il
1210 698 1341 728 corso
1362 699 1411 728 se
1431 684 1591 729 finisca
1611 685 1659 729 in
1681 699 1722 741 3.

1058 860 1183 901 336

772 951 816 986 P.
836 948 1087 996 ·JOANNES
1113 950 1184 985 DE
1209 948 1462 987 POLANCO

947 1045 996 1068 ex
1021 1031 1296 1068 commissione

556 1118 803 1162 PATRI
854 1117 1349 1161 HIERONYMO
1397 1117 1675 1161 NADAL

720 1220 930 1254 TRIDENTI,
974 1209 1018 1246 23
1055 1218 1296 1248 NOVEMBms
1337 1209 1428 1255 1563
1456 1213 1487 1246 ¹.

489 1305 526 1331 1.
547 1296 609 1331 De
626 1295 792 1344 collegio
810 1295 1121 1342 Dilingae.-—2.
1145 1294 1206 1330 De
1223 1295 1456 1330 catechismo
1474 1295 1526 1330 P.
1554 1293 1729 1331 canisii.

390 1393 427 1424 Ι.
495 1382 591 1423 Pax
611 1378 717 1435 Xpi.
743 1378 1036 1434 Responderi)
1058 1392 1084 1421 a
1111 1378 1154 1421 13
1180 1377 1236 1421 (16
1265 1379 1322 1422 V.
1356 1379 1410 1421 R.
1445 1378 1503 1422 de
1540 1390 1590 1421 12
1619 1378 1694 1423 del
1719 1387 1931 1435 presente

295 1459 381 1502 che
403 1456 511 1502 resti
532 1456 579 1499 in
600 1457 692 1499 bon
712 1457 823 1498 hora
846 1455 892 1498 in
914 1456 1130 1512 Augusta
1156 1454 1188 1497 il
1217 1457 1269 1498 P.
1304 1454 1503 1498 Canisio.
1540 1454 1704 1500 Scrissi
1732 1456 1790 1500 de
1819 1458 1927 1501 Bol-

294 1548 408 1578 zano
430 1535 445 1555 ³
468 1534 541 1577 del
562 1539 789 1576 contratto
811 1539 856 1576 et
878 1531 983 1575 delli
1006 1532 1093 1575 600
1113 1531 1260 1575 florini
1283 1538 1328 1577 et
1349 1533 1435 1576 che
1462 1531 1499 1575 si
1527 1532 1705 1576 cauassi
1726 1534 1800 1577 dal
1821 1548 1931 1578 eco-

293 1626 430 1655 nomo
451 1626 611 1668 grano,
636 1617 682 1654 et
704 1610 809 1666 quel
836 1612 919 1653 che
948 1609 985 1653 si
1015 1609 1198 1665 potessi,
1224 1616 1270 1653 et
1298 1610 1343 1652 lo
1371 1609 1710 1666 assignamento
1737 1612 1929 1655 sarebbe

293 1702 470 1741 securo,
494 1695 540 1732 et
561 1689 646 1731 che
666 1687 698 1730 11
725 1687 924 1730 cardinal
946 1688 1005 1730 ha
1026 1687 1146 1729 bona
1173 1686 1373 1729 uolonta.
1405 1687 1505 1731 Che
1532 1685 1563 1729 il
1591 1686 1791 1730 cardinal
1820 1702 1925 1731 uor-

292 1766 432 1810 rebbe
454 1780 517 1808 un
537 1763 817 1808 cathechista
838 1763 884 1806 in
906 1765 1138 1820 Augusta,
1164 1770 1209 1806 et
1231 1778 1294 1806 un
1326 1763 1581 1819 predicator
1602 1762 1649 1806 in
1671 1763 1871 1821 Dilinga,
1897 1779 1924 1809 a

291 1843 366 1887 cui
387 1842 424 1886 si
447 1841 747 1898 applicassem
770 1842 783 1862 ⁵
809 1840 944 1896 quelli
974 1853 1055 1884 100
1075 1839 1222 1883 florini
1243 1846 1289 1884 et
1310 1854 1414 1883 0353
1442 1846 1550 1894 etc.;
1576 1847 1622 1883 et
1650 1854 1730 1896 per
1757 1848 1925 1897 questo

292 1921 412 1964 forse
433 1913 694 1963 seruirebbe
717 1917 747 1960 il
770 1919 821 1960 P.
849 1917 1111 1961 Theobaldo
1134 1917 1166 1960 ⁴.
1194 1918 1247 1960 El
1269 1916 1514 1960 medesimo
1532 1919 1591 1960 ha
1606 1917 1781 1974 parlato
1803 1918 1920 1962 della

289 2003 465 2053 stampa
485 2002 531 2040 et
553 1995 626 2038 del
646 1994 836 2037 medico.
864 1995 1061 2049 Quando
1084 1995 1224 2037 1161113
1247 1995 1304 2037 V.
1331 1995 1386 2037 R.
1413 1993 1450 2037 si
1471 1994 1653 2038 uedera.
1686 1993 1735 2039 Si
1758 1994 1920 2040 scrisse

289 2088 316 2118 a
337 2075 482 2117 Roma
501 2071 606 2117 delli
634 2084 715 2126 134
745 2070 893 2113 fiorini
921 2071 995 2115 del
1026 2070 1206 2114 viatico.
1241 2072 1298 2113 Et
1325 2070 1354 2113 il
1383 2070 1583 2114 cardinal
1610 2084 1660 2114 se
1692 2069 1919 2115 inclinaua

288 2150 369 2194 dar
390 2148 572 2194 licentia
593 2149 635 2192 al
657 2147 828 2205 retto[r]
853 2149 884 2190 ⁵.
911 2149 968 2191 Et
991 2147 1138 2191 ordini
1160 2148 1201 2191 16
1224 2148 1377 2191 5011016
1399 2161 1526 2191 come
1553 2147 1583 2190 li
1607 2161 1729 2203 pare,
1754 2149 1923 2204 perche

288 2242 314 2271 a
336 2228 394 2271 N.
420 2229 471 2271 P.
498 2240 590 2269 non
610 2239 718 2281 pare
739 2225 855 2269 bene
877 2225 933 2268 de
955 2224 1140 2280 expedit
1166 2224 1212 2267 in
1242 2239 1304 2267 un
1333 2239 1452 2268 anno
1479 2225 1523 2267 la
1550 2225 1699 2280 logica
1720 2231 1765 2268 et
1786 2224 1834 2268 in
1856 2240 1918 2268 un

287 2304 402 2348 altro
423 2303 466 2346 la
488 2301 785 2359 philosophia.
814 2303 907 2344 Pur
930 2301 1016 2344 faci
1037 2301 1116 2345 lui.
1142 2302 1242 2346 Che
1263 2300 1304 2344 ci
1325 2301 1556 2357 alegramo
1585 2304 1670 2346 che
1691 2301 1723 2344 il
1746 2304 1799 2346 P.
1825 2303 1916 2347 Re-

286 2379 464 2424 bastein
484 2381 499 2402 ⁶
525 2387 665 2435 tenga
686 2379 856 2421 talento
878 2393 958 2434 per
980 2393 1200 2434 gouerno,
1226 2380 1311 2422 che
1332 2377 1362 2420 il
1390 2377 1581 2435 disegno
1609 2379 1666 2422 de
1694 2386 1842 2422 mutar
1873 2379 1917 2422 el

359 2495 369 2515 ¹
419 2493 478 2527 Ex
496 2492 684 2537 Regesto‚
707 2489 805 2525 Cod.
832 2499 873 2535 33
891 2491 949 2535 d),
971 2490 1042 2526 fol.
1065 2489 1153 2534 372.
1178 2491 1223 2525 In
1242 2490 1429 2535 margine:
1450 2490 1505 2526 P.
1529 2489 1672 2526 Natal.

356 2554 370 2574 ²
420 2551 501 2586 Has
519 2550 668 2586 litteras
687 2560 764 2584 non
777 2549 963 2584 vidimus.

357 2612 372 2633 ⁵
421 2611 519 2656 Ms.,
538 2610 806 2657 appicassero.

356 2672 372 2693 ⁴
420 2670 532 2706 Stoz.
556 2668 657 2704 Vide
676 2668 795 2714 epist.
820 2667 903 2714 281,
922 2680 965 2703 n.
993 2677 1049 2713 143
1071 2673 1110 2703 et
1126 2668 1317 2715 append.,
1336 2669 1373 2704 Ι.

357 2732 371 2753 ⁵
422 2729 522 2765 Vide
541 2728 660 2775 epist.
683 2726 768 2773 334,
787 2740 829 2763 n.
853 2736 892 2772 7.

355 2791 370 2812 ⁶
420 2790 591 2836 Joannes
609 2786 864 2832 Rabenstein,
883 2787 932 2822 de
962 2798 1038 2834 quo
1062 2786 1152 2822 vide
1170 2798 1300 2834 supra,
1320 2798 1412 2833 pag.
1437 2786 1521 2832 233,
1539 2792 1674 2823 annot.
1705 2796 1745 2823 2.
1769 2788 1829 2823 De
1847 2787 1916 2823 isso

285 2853 325 2885 et
342 2848 391 2884 de
408 2849 510 2884 bona
527 2846 707 2894 opinione
725 2857 839 2893 quam
858 2846 906 2881 de
925 2846 991 2882 illo
1008 2847 1179 2882 habebat
1197 2846 1244 2882 P.
1268 2846 1433 2893 Natalis,
1458 2847 1554 2882 haec
1578 2846 1758 2883 Canisius
1777 2846 1916 2882 Lainio

285 2917 331 2944 20
361 2907 595 2944 Novembris
629 2904 719 2950 1563
742 2905 888 2940 retulit:
917 2905 986 2940 «P.
1012 2905 1162 2940 Natalis
1186 2907 1355 2941 multum
1385 2905 1469 2952 spei
1499 2907 1665 2942 collocat
1688 2905 1728 2941 in
1752 2905 1808 2940 M.
1831 2905 1911 2940 Ra·

283 2966 479 3010 uenstein,
497 2977 613 3013 quem
631 2976 679 3000 ex
693 2964 932 3010 Ingolstadio
946 2970 1151 3000 euocatum
1166 2959 1348 3011 Dilingae
1363 2965 1580 3001 ministrum
1599 2964 1707 3011 fecit,
1725 2964 1912 3000 abductu-

281 3039 347 3064 rus
365 3027 422 3062 M.
446 3026 623 3069 Paulum,
643 3035 758 3071 quem
777 3035 826 3058 ex
844 3024 1046 3059 Monachio
1065 3023 1237 3067 sustulit,
1263 3029 1306 3059 ut
1330 3023 1542 3071 Oeniponti
1566 3024 1683 3060 faciat
1707 3023 1815 3059 illum
1833 3035 1908 3070 miss

281 3086 465 3122 nistrum.
475 3097 493 3119 »
512 3084 571 3119 Ex
585 3084 810 3129 archetypo,
829 3082 869 3118 in
887 3083 1017 3129 Epist.
1040 3083 1208 3127 Canisii,
1231 3084 1262 3128 Ι,
1285 3083 1350 3119 123
1368 3083 1448 3128 (361
1470 3086 1528 3128 v).
