2196 3522
846 242 909 280 ιο,
935 242 980 280 ²5
1004 241 1060 270 ET
1083 232 1131 269 30
1155 233 1257 278 MAJI
1284 234 1375 280 1563
1852 246 1919 282 291

294 335 373 379 ubi
393 335 501 379 haec
521 336 692 393 scripta
711 339 832 380 sunt:
858 336 1071 379 «Reciuio
1092 336 1153 379 N.
1177 337 1237 379 P.
1263 336 1333 380 las
1353 337 1408 380 de
1437 338 1482 380 V.
1508 331 1562 381 R.
1587 337 1641 381 de
1661 347 1718 393 25
1736 353 1766 395 y
1783 349 1840 393 30
1855 339 1928 382 del

289 413 489 469 passado
508 427 591 457 con
610 427 708 457 una
722 414 854 470 copia
874 413 929 456 de
949 416 1051 456 otra
1064 414 1274 469 primero
1301 414 1520 468 reciuida‚
1543 414 1597 458 de
1629 427 1701 469 20,
1732 415 1859 460 sobre
1888 416 1929 460 el

291 490 513 547 gobierno
533 490 587 534 de
608 504 686 534 esa
703 491 952 547 prouincia
978 490 1032 533 de
1057 490 1367 534 Alemana...»
1397 493 1693 549 Argumenta
1723 506 1842 545 ver0,
1872 493 1928 536 de

296 567 457 623 quibus
477 568 529 610 in
550 567 714 611 litteris
735 579 764 610 2
765 577 792 622 5
814 570 854 610 et
877 578 933 622 30
954 567 1074 610 datis
1094 567 1258 624 agebat
1274 568 1459 611 Natalis
1475 569 1630 626 colligi
1644 569 1812 623 debent,
1829 573 1925 612 tum

295 657 352 686 ex
371 644 556 700 epistola
577 643 636 687 28
639 631 679 699 j,
701 659 777 687 nn.
813 654 907 700 3-7,
936 647 1031 687 tum
1061 658 1118 687 ex
1149 645 1327 697 litteris,
1359 660 1388 687 a
1419 645 1619 688 Polanco
1650 647 1710 688 ad
1740 646 1925 689 Madri-

293 721 421 764 dium
443 731 501 775 27
523 721 646 778 Majz·
666 722 800 775 datis,
822 721 899 764 ubi
919 721 1027 764 lzaec
1048 721 1170 764 inter
1190 721 1286 764 alia
1307 723 1505 778 scripsit:

386 799 470 841 «El
492 800 551 842 P.
579 799 722 842 Natal
738 813 798 855 ya
818 812 866 842 es
882 798 968 855 ydo
998 798 1027 840 ά
1059 799 1229 855 Praga
1259 799 1391 841 desde
1431 800 1618 852 Vienna,
1647 815 1676 856 y
1708 801 1924 843 conuiene

292 877 508 920 entender
529 877 571 919 si
591 890 638 919 se
660 876 720 918 ha
740 876 793 919 de
814 875 1132 919 lzazer'diseno
1154 875 1224 918 del
1251 876 1444 932 collegio,
1464 876 1517 918 de
1547 877 1762 934 Dilinga,
1795 877 1819 919 o'
1850 891 1922 929 no,

284 959 410 1011 para
430 957 517 997 este
537 958 639 1007 ano,
663 958 837 1010 porque
867 953 993 996 desta
1023 953 1274 996 resolucion
1298 953 1479 1008 penden
1510 956 1635 996 otras
1671 955 1699 996 ¹.
1734 954 1852 996 Dize
1883 955 1923 996 el

291 1033 351 1075 P.
379 1031 533 1074 Nadal
555 1045 638 1087 que
668 1031 717 1074 V.
743 1031 803 1074 R.
829 1031 944 1073 tiene
966 1029 1111 1072 razon
1133 1043 1218 1086 que
1234 1030 1346 1072 auia
1362 1029 1416 1072 de
1432 1029 1580 1073 Izauer
1594 1031 1847 1073 seminario
1863 1044 1920 1073 en

289 1109 551 1166 Alemagna
566 1113 688 1165 para
710 1107 779 1150 las
799 1107 938 1150 letras
959 1107 1013 1150 de
1034 1106 1321 1150 humanidad
1341 1107 1373 1159 ²,
1394 1121 1497 1149 mas
1518 1121 1576 1149 no
1603 1107 1801 1150 obstante
1827 1111 1921 1150 esta

290 1186 436 1228 razon
456 1185 557 1228 dize
578 1199 662 1241 que
683 1199 741 1228 no
761 1199 818 1242 ay
834 1187 972 1242 gente
986 1189 1111 1240 para
1132 1183 1335 1241 algunas
1356 1184 1520 1227 classes
1534 1185 1772 1240 primeras
1790 1199 1820 1240 y
1848 1185 1921 1227 asi

289 1277 336 1306 es
356 1262 612 1306 necessario
631 1275 678 1305 se
691 1266 867 1318 prouea
887 1262 941 1304 de
963 1262 1125 1314 Roma,
1145 1261 1170 1303 ό
1189 1273 1238 1304 se
1247 1261 1473 1317 padecerd
1488 1275 1595 1318 muy
1606 1275 1761 1318 graue
1776 1262 1920 1304 detri-

288 1343 450 1391 mento;
466 1354 497 1396 y
517 1354 572 1383 su
593 1339 784 1396 disegno
804 1339 929 1382 seria
949 1352 1034 1394 que
1048 1343 1173 1394 para
1188 1337 1359 1380 aiudar
1373 1338 1403 1380 ά
1419 1338 1465 1380 la
1479 1338 1705 1381 Alemana
1717 1353 1746 1395 y
1762 1339 1918 1381 Fran-

288 1419 372 1470 cia,
393 1417 538 1461 donde
551 1417 798 1473 pudiessen
819 1416 911 1460 leer
931 1416 984 1459 de
1005 1419 1131 1459 otras
1151 1416 1378 1468 naciones,
1407 1429 1466 1458 no
1497 1429 1543 1458 se
1573 1420 1820 1471 ocupassen
1853 1416 1920 1459 los

285 1508 478 1538 mesmos
500 1494 700 1538 tudescos
720 1494 745 1536 ό
762 1494 1023 1552 franceses,
1046 1507 1167 1536 como
1187 1507 1270 1535 son
1291 1506 1345 1534 en
1370 1492 1439 1537 las
1453 1493 1691 1548 primeras
1713 1493 1878 1536 classes
1888 1507 1919 1549 y

286 1587 342 1616 en
363 1573 410 1615 la
423 1571 710 1628 philosophia
727 1586 756 1627 y
777 1570 1015 1628 tlieologia;
1036 1575 1211 1626 porque
1238 1570 1303 1612 los
1330 1583 1414 1626 que
1438 1584 1526 1618 son
1554 1570 1735 1612 idoneos
1766 1570 1918 1612 destas

285 1650 482 1707 lenguas
495 1649 740 1705 pudiessen
751 1643 885 1691 'tanto
905 1648 1007 1690 mas
1015 1651 1171 1703 presto
1185 1647 1353 1689 acabar
1367 1661 1447 1689 sus
1462 1647 1658 1691 esiudios
1667 1651 1791 1702 para
1802 1652 1915 1703 pre»

286 1727 432 1770 dicar.
464 1727 583 1769 Bien
611 1739 658 1769 se
684 1739 764 1768 uee
792 1739 875 1782 que
901 1728 989 1768 este
1015 1739 1062 1768 es
1097 1725 1254 1767 diseno
1280 1723 1333 1767 de
1368 1723 1510 1781 angel
1543 1724 1596 1766 de
1627 1724 1851 1766 Alemana
1884 1739 1916 1781 y

285 1804 488 1847 Francia
508 1804 539 1856 ⁵,
560 1818 590 1860 y
617 1817 701 1860 que
721 1817 768 1846 se
789 1802 903 1845 abra
929 1802 983 1845 de
1010 1801 1151 1844 lzazer
1173 1802 1213 1844 lo
1240 1815 1325 1857 que
1352 1815 1399 1844 se
1412 1801 1606 1857 pudiere
1622 1800 1911 1858 finalmente.

357 1926 368 1946 ¹
418 1922 599 1960 Canisius
632 1922 782 1966 Lainio,
817 1930 860 1967 14
887 1921 980 1968 Maji
1012 1919 1116 1967 1553,
1146 1921 1243 1956 haec
1272 1919 1321 1955 de
1350 1919 1517 1966 collegio
1547 1919 1729 1967 Dilingae
1763 1919 1911 1956 retulit:

283 1982 443 2019 «Scribo
453 1981 510 2018 ad
525 1981 570 2017 P.
591 1981 807 2029 Lanoyum,
827 1986 869 2016 ut
885 1980 1117 2027 dilingensis
1134 1978 1289 2025 collegij
1309 1979 1516 2015 stationem
1534 1989 1661 2014 eoram
1685 1984 1853 2025 spectet,
1873 1985 1914 2014 et

281 2041 331 2078 de
348 2041 409 2078 his
428 2053 499 2078 nos
515 2041 704 2077 certiores
726 2040 876 2077 reddat.
902 2041 986 2086 Ego
1010 2051 1144 2087 parum
1167 2038 1325 2086 dubito,
1347 2039 1442 2086 quin
1465 2039 1526 2074 his
1550 2038 1685 2086 primis
1709 2039 1821 2075 annis
1847 2050 1913 2074 cu-

281 2101 411 2138 bicula
439 2101 518 2138 sint
547 2101 759 2137 suffectura
787 2099 931 2136 nostris
954 2111 1043 2136 cum
1068 2098 1263 2135 uenerint.
1294 2097 1448 2146 Operae
1479 2098 1652 2146 precium
1680 2103 1810 2134 autem
1837 2098 1913 2134 erit

278 2161 327 2196 P.
351 2161 545 2201 Natalem,
564 2171 652 2196 cum
670 2171 733 2196 res
750 2159 899 2205 Pragae
916 2158 1145 2202 confecerit,
1163 2163 1269 2193 recta
1293 2157 1491 2203 Dilingam
1515 2163 1664 2204 petere,
1684 2158 1747 2193 vel
1776 2157 1908 2204 Augu-

279 2226 393 2265 stam,
412 2225 456 2256 ut
472 2225 580 2256 certo
597 2224 743 2255 statuat
759 2218 809 2254 de
826 2218 901 2263 his,
918 2230 1018 2266 quae
1036 2218 1084 2253 ad
1102 2222 1320 2253 nostrorum
1338 2216 1551 2253 aduentum
1576 2222 1616 2252 et
1639 2216 1815 2252 eiusdem
1833 2218 1910 2254 col-

278 2280 371 2327 legij
388 2279 559 2316 rationes
578 2279 793 2327 pertinent.
815 2277 881 2314 Sic
899 2277 1018 2321 enim,
1033 2278 1141 2313 salua
1155 2288 1309 2324 semper
1322 2276 1562 2323 obedientia,
1575 2276 1909 2312 consultissimum

281 2339 376 2376 mihi
407 2338 602 2375 videtur.»
635 2339 695 2374 Ex
728 2338 862 2386 Epist.
899 2336 1071 2379 Canisii,
1102 2337 1135 2383 1,
1169 2344 1234 2382 117
1263 2334 1381 2381 (302).
1416 2335 1518 2372 Vide
1541 2347 1672 2384 supra,
1691 2335 1806 2383 epist.
1826 2334 1914 2382 553,

282 2412 320 2437 ιι.
340 2398 377 2445 3;
396 2404 436 2435 et
454 2398 537 2443 260,
555 2411 600 2434 ιι.
622 2397 663 2434 3.

351 2461 366 2481 ²
416 2457 517 2493 Vide
534 2457 652 2505 epist
676 2464 759 2502 275,
778 2469 817 2492 n.
840 2464 897 2502 153
916 2461 957 2492 et
974 2456 1058 2502 276,
1081 2467 1120 2490 n.
1140 2464 1178 2491 2.

350 2518 366 2539 ⁵
415 2517 592 2563 Angelus
609 2516 843 2553 Germaniae
861 2522 901 2551 et
919 2515 1069 2552 Galliae
1087 2519 1248 2550 vocatur
1265 2513 1444 2550 Natalis
1433 2525 1474 2550 ιιι
1490 2514 1563 2549 hoc
1589 2512 1913 2559 loco‚1gnatiano

278 2588 402 2622 more,
421 2581 533 2623 prout
549 2587 599 2611 ex
616 2574 798 2623 sequenti
810 2575 1064 2622 responsione
1078 2572 1245 2611 oliverii
1259 2573 1430 2617 Manarei
1442 2572 1492 2608 ad
1506 2573 1743 2620 postulatum
1758 2571 1911 2606 Nicolai

277 2635 450 2672 Lancicii
466 2634 634 2681 intelligi
651 2634 807 2682 poterit:
826 2634 1036 2670 «Libenter
1050 2631 1257 2680 [Ignatius]
1270 2633 1454 2678 habebat,
1472 2638 1516 2667 vt
1530 2630 1751 2678 superiores
1766 2630 1912 2666 locales

275 2699 410 2731 essent
426 2694 634 2741 importuni
653 2694 694 2730 in
710 2693 774 2740 iis,
790 2705 891 2741 quae
909 2692 1133 2729 iudicabant
1151 2691 1260 2733 locis,
1284 2691 1429 2739 quibus
1454 2695 1673 2738 praeerant,
1699 2691 1800 2725 bene
1819 2700 1910 2724 con-

273 2753 483 2790 stituendis
500 2764 588 2789 esse
604 2752 840 2800 necessaria,
858 2754 921 2789 vel
939 2752 1054 2788 valde
1071 2750 1202 2795 vtilia;
1222 2762 1264 2787 v.
1291 2761 1338 2797 g.
1361 2750 1401 2787 in
1423 2749 1604 2798 petendis
1628 2749 1804 2796 pluribus
1823 2759 1910 2795 per-

273 2812 394 2858 senis,
413 2813 476 2848 vel
495 2811 619 2858 magis
637 2811 939 2848 sufficientibus·
931 2839 940 2857 ‚
961 2811 1050 2859 quia
1064 2822 1150 2846 eam
1164 2809 1499 2857 importunitatem
1513 2809 1711 2845 tribuebat
1724 2818 1905 2844 necessa-

271 2873 352 2909 riae
370 2870 638 2919 prouidentiae
652 2875 696 2906 et
711 2869 967 2907 sollicitudini
984 2881 1134 2916 eorum,
1151 2868 1218 2916 qui
1235 2873 1457 2916 praeerant.

343 2930 632 2967 Excusantibus
661 2942 705 2966 se
732 2942 803 2977 per
830 2929 1107 2966 verecundiam
1138 2940 1183 2964 ac
1212 2928 1487 2972 reuerentiam,
1518 2926 1622 2974 quod
1649 2923 1908 2972 importunius

274 2994 452 3037 agerent,
466 2989 636 3025 animum
649 2988 984 3034 subministrabat,
997 2988 1132 3024 dicens
1146 2998 1224 3023 non
1237 2998 1326 3023 esse
1340 2986 1569 3030 timendum3
1584 2984 1689 3032 quod
1700 2996 1748 3020 ea
1762 2984 1908 3020 instan-

276 3049 331 3086 tia
349 3048 539 3085 indicaret
555 3047 795 3096 superiorem
813 3047 1015 3084 attendere
1032 3046 1160 3083 officio
1178 3056 1263 3091 su0;
1282 3047 1510 3093 solebatque
1526 3045 1624 3081 tales
1638 3053 1776 3080 vocare
1790 3052 1910 3088 ange-
