2196 3522
347 279 364 296 ⁶
948 239 1171 276 Appianum
1803 251 1874 291 555

236 345 412 389 cerdos.
455 353 521 397 15.
562 342 648 386 Fui
681 342 727 386 in
759 341 952 398 collegio
983 355 1169 384 romano
1201 356 1279 397 per
1309 349 1400 386 tres
1423 343 1518 388 fere
1545 358 1702 388 annos.
1735 343 1874 405 [Solu]

246 416 283 447 1.
316 401 431 446 Dedi
458 416 640 458 operam
668 401 824 454 literis,
855 408 961 444 ante
982 399 1239 456 ingressum
1268 401 1507 446 Societatis
1545 415 1595 458 13
1627 418 1787 458 annos,
1822 411 1874 448 ut

243 470 370 519 puto,
394 461 440 504 in
463 461 690 506 Societate
706 461 940 516 quinque..
950 459 1023 503 .6.
1050 458 1139 502 Hic
1161 474 1260 502 sum
1283 469 1531 516 promotus,
1550 462 1694 518 primo
1710 462 1755 506 in
1774 477 1873 508 ma-

244 521 437 578 gistrum
459 520 638 573 artium,
659 519 850 565 deinde
838 534 885 562 m
900 519 1243 562 baccalaureum
1261 519 1492 573 biblicum,
1512 535 1564 564 ac
1582 529 1819 585 postremo
1826 523 1872 566 in

243 581 587 624 baccalaureum
620 578 962 631 sententiarum,
997 585 1046 620 ut
1077 585 1256 620 vocant.
1294 577 1462 638 [Magn]
1502 593 1538 624 1.
1574 581 1702 637 Lego
1733 570 1872 626 libros

243 639 502 683 ethicorum
519 638 627 682 artis
648 653 828 695 graece,
847 650 1093 691 versorque
1115 636 1162 679 in
1184 638 1463 693 professione
1479 653 1670 694 graecae
1687 639 1873 697 linguae

246 713 466 754 3annos..
506 724 565 730 —
585 697 809 741 Henricus
826 697 1075 748 Arboreus,
1096 710 1214 738 anno
1237 697 1363 763 1562.
1377 695 1447 755 [ΙΙ,
1468 699 1571 752 600,
1592 700 1694 751 612,
1715 699 1867 759 613]¹.

339 771 374 802 Ι.
440 758 673 800 Henricus
689 757 955 812 Dionysius.
977 767 1019 798 2.
1040 755 1201 798 Annos
1223 755 1402 799 circiter
1421 770 1494 811 44.
1522 770 1563 812 3.
1584 733 1869 816 Geldrensis,

243 831 510 873 neomagus,
535 815 755 860 dioecesis
776 813 1080 858 coloniensis..
1091 825 1168 868 .7.
1194 815 1326 857 Eram
1355 816 1635 860 canonicus..
1645 852 1654 860 .
1694 830 1760 861 12.
1786 796 1872 862 Fui

244 883 454 932 receptus
475 890 594 919 anno
622 885 732 929 1554
754 873 1008 918 Coloniae²
1035 887 1113 928 per
1134 874 1298 916 Rdum.
1325 876 1378 918 P.
1400 876 1702 929 Leonardum,
1723 877 1872 922 abillo

241 935 541 986 examinatus,
571 941 617 977 et
643 936 866 978 Romae...
906 946 973 987 14.
1005 933 1116 977 Sum
1146 934 1371 976 sacerdos.
1419 945 1485 989 15.
1526 935 1575 978 In
1604 936 1867 981 coloniensi.

247 995 363 1050 [Sclz.
371 994 446 1054 ]1.
476 992 654 1038 ,Dedi
645 1007 825 1049 operam
844 991 1168 1048 philosophiae,
1189 992 1382 1047 politiori
1398 993 1657 1037 literaturae
1678 1003 1723 1038 et
1741 998 1866 1040 theo-

243 1054 393 1110 logiae
415 1054 472 1096 ab
492 1052 676 1096 ineunte
698 1059 860 1104 aetate,
885 1058 931 1095 et
950 1051 1041 1093 fere
1065 1051 1116 1094 16
1132 1058 1211 1094 aut
1228 1052 1432 1107 pluribus
1449 1055 1579 1096 annis
1595 1054 1753 1097 vacavi
1771 1070 1872 1099 mu—
1913 1105 1916 1109 .

245 1113 341 1156 neri
363 1111 703 1156 contionandi...
730 1112 772 1154 6.
799 1112 909 1155 Sum
932 1109 1139 1161 Colonie,
1170 1110 1276 1154 licet
1302 1110 1541 1168 indignus,
1573 1121 1805 1168 promotus
1828 1115 1873 1157 in

244 1173 531 1216 doctorem...
558 1146 783 1214 Henricus
805 1169 1066 1225 Dionysius,
1092 1169 1262 1212 inutilis
1284 1171 1676 1230 Societatithesu
1693 1187 1869 1217 seruus.

248 1233 317 1287 [ΙΙ.
346 1232 446 1285 587,
473 1231 573 1288 588]

342 1303 377 1333 1.
444 1291 597 1333 Vocor
618 1289 850 1332 Henrzcus
873 1287 1015 1330 Hoclz.
1050 1299 1090 1330 2.
1124 1288 1270 1331 Natus
1301 1303 1401 1331 sum
1432 1304 1575 1333 annos
1605 1303 1676 1345 33,
1708 1298 1754 1334 et
1782 1306 1873 1348 ago

251 1363 371 1392 nunc
410 1361 479 1403 34.
513 1362 554 1403 3.
586 1349 696 1393 Sum
730 1348 978 1390 brabantus
1006 1347 1368 1390 buscoduensis..
1380 1382 1388 1391 .
1427 1361 1494 1392 12.
1525 1350 1636 1393 Sum
1666 1359 1874 1406 receptus

246 1408 429 1452 Loreti'
419 1423 465 1450 in
487 1407 642 1450 Italia
631 1422 677 1450 m
699 1407 790 1450 fine
813 1407 906 1450 fere
929 1405 1033 1448 anni
1057 1417 1129 1460 57,
1155 1407 1226 1450 vel
1248 1406 1365 1450 circa
1389 1407 1565 1451 initium
1587 1409 1692 1452 anni
1723 1411 1794 1464 58,
1828 1418 1875 1454 et

246 1475 354 1510 tunc
377 1467 428 1524 (si
456 1474 577 1511 recte
603 1465 800 1520 memini)
830 1480 920 1508 non
952 1464 1015 1507 fui
1044 1465 1380 1509 examinatus...
1420 1480 1486 1520 14.
1522 1468 1632 1512 Sum
1662 1470 1874 1513 sacerdos

243 1527 460 1583 indignus
482 1525 659 1569 factus
649 1541 694 1568 in
718 1524 944 1571 Societate
966 1523 1186 1569 Viennae.
1226 1536 1292 1579 15.
1323 1525 1407 1568 Fui
1437 1526 1605 1579 Loreti‚
1638 1528 1870 1581 Recanati,

245 1585 475 1640 Foroliuij,
501 1584 719 1636 Venetiis,
745 1584 964 1635 Viennae,
991 1585 1176 1636 Romae,
1208 1584 1433 1637 Ameriae,
1462 1586 1670 1642 Louanij‚
1698 1589 1868 1631 Torna—

246 1645 303 1697 ci,
330 1645 595 1701 Moguntiae
617 1657 771 1686 nunc..
784 1679 790 1686 .
825 1656 891 1697 17.
917 1642 1001 1686 Fui
1023 1642 1244 1694 Viennae,
1271 1644 1477 1700 Louanij,
1509 1645 1701 1689 Tornaci
1724 1654 1770 1690 et
1800 1647 1874 1690 hic

247 1703 511 1760 Moguntiae
534 1704 787 1768 praefectus
813 1701 1196 1746 commensalium
1234 1677 1446 1746 'Foroliuii
1480 1704 1543 1747 fui
1572 1706 1874 1751 communiter

247 1778 400 1815 COCUS,
440 1761 707 1806 hortulanus
734 1769 779 1805 et
806 1761 1023 1806 inseruiui
1050 1759 1110 1803 ibi
1142 1762 1279 1805 fabris
1310 1763 1518 1826 murariis
1548 1771 1595 1808 et
1623 1765 1864 1820 portarius.

264 1824 316 1875 11,
342 1822 428 1876 617

246 1822 261 1880 [
342 1894 378 1924 1.
431 1822 595 1925 ]Vocor
616 1881 824 1923 Hermes.
853 1892 893 1923 2.
920 1880 1082 1923 Annos
1099 1888 1233 1924 natus
1250 1895 1350 1923 sum
1367 1880 1414 1923 in
1430 1882 1646 1937 Augusto
1662 1882 1873 1938 sequenti

249 1953 318 1995 32.
347 1954 386 1995 3.
413 1941 559 1984 Natus
580 1954 680 1982 sum
702 1938 914 1991 Tornaci,
939 1953 1055 1994 quae
1077 1939 1238 1982 ciuitas
1260 1947 1329 1984 est
1351 1940 1643 1984 Flandriae...
1678 1954 1718 1995 7.
1754 1943 1873 1986 Sunt

246 1999 355 2042 mihi
392 2000 483 2042 duo
519 1999 694 2050 fratres,
734 1999 845 2042 alter
880 1998 1125 2042 canonicus
1163 1999 1456 2052 tornacensis,
1503 2001 1616 2044 alter
1657 2000 1872 2044 minimus

244 2058 446 2102 omnium
483 2064 614 2110 natu;
641 2067 731 2101 tres
767 2072 945 2101 sorores
972 2057 1226 2114 religiosae,
1258 2073 1346 2101 vna
1372 2058 1460 2101 iam
1487 2066 1644 2115 nupta,
1678 2067 1724 2103 et
1751 2060 1870 2105 duae

244 2119 446 2161 nondum
469 2124 652 2172 nuptae,
677 2123 722 2160 et
745 2131 903 2160 omnes
923 2131 1006 2173 pro
1027 2131 1109 2160 sua
1132 2117 1391 2162 conditione
1413 2125 1659 2173 Vtcumque
1689 2119 1869 2163 diuites.

245 2178 504 2232 Antequam
535 2175 806 2220 Societatem
836 2175 1115 2232 ingrederer,
1151 2176 1380 2220 studiosus
1407 2191 1545 2229 eram,
1580 2185 1626 2220 et
1656 2178 1703 2220 in
1734 2178 1874 2222 literis

247 2236 398 2279 statim
428 2236 485 2279 ab
513 2234 698 2278 ineunte
725 2242 873 2279 aetate
900 2242 1122 2287 versatus,
1162 2242 1208 2278 et
1245 2235 1494 2279 medicinae
1525 2244 1719 2291 quatuor
1746 2237 1875 2280 annis

249 2296 350 2351 plus
372 2294 537 2346 minus,
563 2294 600 2337 si
622 2308 713 2337 non
736 2295 879 2345 fallor,
904 2295 1223 2338 studueram...
1254 2307 1320 2338 12.
1346 2296 1395 2337 In
1424 2295 1631 2350 sequenti
1660 2298 1876 2352 Augusto

249 2360 353 2397 octo
375 2353 480 2397 anni
502 2360 636 2396 erunt
657 2367 760 2396 curn
782 2353 846 2396 fui
868 2352 911 2395 in
936 2353 1210 2398 Societatem
1233 2353 1471 2407 admissus,
1490 2354 1625 2409 idque
1642 2357 1813 2400 Romae
1830 2355 1875 2398 in

250 2413 439 2457 aedibus
476 2414 679 2464 Patrum,
719 2419 765 2456 et
803 2413 938 2456 credo
974 2427 1047 2455 me
1084 2412 1238 2456 fuisse.
1259 2413 1619 2456 examinatum...
1662 2427 1728 2467 14.
1763 2415 1875 2459 Sum

241 2473 476 2515 sacerdos.
508 2482 573 2526 15.
600 2472 648 2513 In
670 2485 857 2514 romano
874 2478 920 2515 et
935 2473 1021 2514 hoc
1037 2471 1289 2515 viennensi.
1311 2473 1360 2514 In
1377 2471 1475 2515 aliis
1492 2472 1672 2526 quidem
1693 2473 1772 2526 fui,
1792 2474 1875 2518 sed

251 2545 342 2574 non
364 2530 582 2573 habitaui.
608 2530 747 2587 {Sela}
780 2542 817 2573 1.
849 2531 1040 2574 Duobus
1069 2530 1198 2574 annis
1225 2531 1543 2587 philosophicis
1572 2531 1616 2573 in
1646 2532 1874 2576 Societate

251 2590 421 2643 studui3
454 2589 597 2632 tribus
628 2589 896 2644 theologicis
923 2597 969 2633 et
997 2589 1198 2641 dimidio,
1230 2591 1332 2645 plus
1357 2590 1523 2642 minus,
1555 2598 1659 2635 ante
1681 2592 1873 2647 gradum

250 2649 359 2691 mihi
402 2650 458 2692 ab
495 2647 751 2692 obedientia
791 2648 963 2691 datum.
1008 2650 1268 2704 Antequam
1306 2656 1456 2694 autem
1494 2649 1767 2694 Societatem
1803 2650 1875 2693 in-

249 2709 480 2764 grederer,
506 2707 667 2763 partim
705 2708 946 2750 admodum
978 2707 1023 2750 in
1047 2707 1370 2764 philosophicis
1396 2723 1518 2752 eram
1542 2716 1764 2761 versatus,
1790 2724 1875 2754 nec

247 2771 377 2810 eram'
408 2765 590 2810 omnino
626 2765 862 2822 imperitus
888 2765 1119 2811 literarum
1155 2767 1489 2820 humaniorum,
1533 2767 1788 2821 latinarum,
1829 2776 1875 2812 et

325 2924 335 2943 ¹
385 2922 456 2957 Est
473 2919 619 2956 ibidem
637 2919 742 2955 aliud
759 2929 925 2955 examen
942 2919 1103 2955 Henrici
1123 2919 1287 2955 Arborei
1302 2931 1403 2956 anno
1421 2921 1511 2966 1566
1528 2922 1729 2969 scriptum,
1745 2923 1783 2958 in
1797 2935 1876 2970 quo

251 2968 305 3006 ait
323 2974 403 3004 tres
421 2978 542 3003 annos
559 2967 599 3003 in
616 2966 782 3013 collegio
800 2966 1093 3012 ingolstadiensi
1112 2978 1155 3002 se
1168 2966 1329 3004 fecisse.

323 3019 337 3038 ¹
389 3015 503 3063 Apud
523 3016 762 3056 DELPLAcE‚
781 3015 855 3050 loc.
873 3014 944 3050 cit.
955 3042 965 3060 ,
1006 3015 1028 3035 *
1033 3014 1203 3060 ‚dicitur
1220 3014 1404 3051 «admisa
1422 3015 1596 3051 Louvain
1614 3028 1663 3052 en
1685 3024 1816 3062 1552».
