2196 3522
893 227 916 263 9
940 217 1187 254 Dsscmffims
1215 217 1307 263 1562
1844 225 1912 265 179

1042 389 1166 431 ⁶240

816 478 1112 517 DOMINICUS
1137 478 1414 517 MENGINUS

671 564 857 607 PATRI
888 564 1264 608 HIERONYMO
1297 563 1517 607 NADAL

739 665 960 704 MONACHII,
986 668 1009 703 9
1034 665 1270 693 nsscmfflms
1299 656 1389 702 1562
1419 658 1445 692 ¹.

275 749 309 775 Ι.
329 740 806 788 Monachiensesflagello
822 740 946 787 pestis
968 741 1022 775 ad
1050 740 1257 776 meliorem
1274 738 1448 787 frugem
1475 740 1734 777 redacti.-2.
1764 739 1908 777 Conta-

437 800 574 848 gionis
586 800 648 836 vis
659 800 862 836 remittere
875 799 1137 845 videtur.-3.
1152 799 1201 834 In
1213 799 1380 846 collegio
1398 810 1462 834 res
1475 798 1567 835 bene
1581 800 1742 837 cedunt.

1078 882 1101 916 †

1048 919 1139 962 Ihs.

371 1026 408 1057 1.
473 1014 631 1058 Gratia
665 1021 711 1058 et
741 1029 828 1071 pax
867 1015 980 1072 Jesu
1009 1012 1179 1057 Christi
1210 1012 1450 1056 nobiscum
1482 1027 1675 1070 semper.
1707 1012 1818 1057 R.de
1857 1012 1904 1056 in

277 1090 460 1134 Christo
483 1093 632 1135 Pater.
659 1090 1039 1148 Quandoquidem
1061 1089 1230 1147 placuit
1256 1090 1372 1134 Rdo.
1406 1089 1531 1134 Patri
1558 1089 1823 1146 prouinciali
1851 1097 1902 1134 ut

279 1167 470 1212 subinde
492 1167 625 1212 R,dae
654 1167 919 1212 Paternitati
957 1174 1064 1212 tuae
1098 1168 1157 1212 de
1191 1166 1525 1211 monachiensis
1567 1166 1749 1223 collegii
1785 1174 1906 1211 statu

279 1244 537 1299 scriberem,
562 1244 607 1288 id
628 1244 911 1290 obedientiae
926 1259 1094 1288 munus
1110 1244 1231 1288 haud
1254 1243 1361 1287 mihi
1396 1259 1539 1301 graue
1560 1259 1661 1288 esse
1681 1243 1906 1288 existima-

280 1321 340 1375 ui,
361 1322 482 1378 quod
503 1321 588 1378 ipsi
610 1335 682 1366 me
704 1328 847 1365 totum
869 1322 1069 1366 debeam.
1095 1322 1251 1377 Itaque
1271 1335 1429 1366 omnes
1452 1321 1655 1379 (Christo
1671 1321 1801 1377 laus),
1827 1320 1905 1376 qui

275 1398 321 1442 in
349 1400 435 1442 hoc
462 1398 658 1456 collegio
694 1398 838 1443 relicti
865 1413 1044 1452 sumus,
1084 1405 1176 1443 tres
1210 1397 1422 1443 videlicet
1458 1398 1717 1443 sacerdotes
1744 1398 1759 1418 ²
1799 1411 1904 1441 cum

274 1476 453 1519 duobus
479 1475 833 1529 coadiutoribus,
863 1490 1076 1533 prospera
1105 1474 1296 1518 fruimur
1323 1474 1601 1527 ualetudine,
1632 1474 1830 1530 laetique
1857 1473 1904 1517 in

272 1552 467 1597 Domino
489 1554 610 1605 De0,
635 1567 727 1596 non
743 1552 872 1597 aliter
893 1567 1028 1609 quam
1046 1552 1093 1596 in
1115 1553 1304 1596 fratrum
1325 1551 1580 1608 praesentia
1593 1585 1603 1605 ,
1629 1565 1803 1605 sumus,
1829 1566 1902 1596 sa—

272 1643 394 1673 cram
412 1629 581 1674 Christi
601 1637 893 1687 expectantes
915 1630 1227 1683 Natiuitatem,
1252 1644 1387 1686 quam
1410 1629 1626 1686 populum
1649 1630 1771 1672 hunc
1803 1643 1901 1672 mo-

271 1706 561 1751 nachiensem
597 1722 624 1751 a
650 1706 814 1751 misera
850 1706 989 1764 pestis
1015 1707 1237 1750 seruitute
1257 1706 1547 1751 liberaturam
1575 1721 1824 1763 speramus.
1856 1707 1898 1750 Is

271 1782 437 1827 etenim
460 1790 550 1827 tam
571 1784 710 1840 longo
732 1790 934 1840 tempore
955 1782 1121 1827 diuinis
1142 1782 1393 1840 castigatus
1414 1782 1621 1840 flagellis,
1647 1783 1704 1826 ad
1721 1783 1898 1826 caelum

270 1874 352 1916 pro
373 1860 618 1904 obtinenda
644 1859 948 1905 misericordia
969 1861 1183 1913 clamare,
1214 1874 1443 1917 purasque
1470 1874 1634 1903 manus
1662 1860 1718 1903 ad
1747 1861 1896 1904 Deum

270 1937 424 1982 leuare
453 1952 545 1981 non
570 1944 731 1982 cessat.
767 1937 890 1981 Hinc
916 1951 1051 1993 quam
1078 1936 1201 1980 utilis
1216 1943 1263 1982 et
1282 1944 1439 1981 sancta
1467 1936 1526 1980 sit
1553 1939 1667 1982 haec
1697 1936 1898 1981 uisitatio

270 2015 403 2058 modo
431 2014 585 2060 uidere
613 2014 733 2059 licet.
765 2014 887 2059 Olim
914 2014 1135 2070 siquidem
1163 2013 1509 2059 monachienses
1545 2029 1628 2058 sua
1664 2013 1814 2058 studia
1849 2013 1896 2057 in

268 2091 426 2135 mundi
445 2091 582 2153 huius
604 2091 914 2148 uoluptatibus
936 2090 1173 2147 carnisque
1200 2090 1371 2135 deliciis
1392 2091 1747 2135 constituebant.
1774 2090 1896 2135 Olim

269 2167 343 2211 hic
364 2168 504 2213 veluti
521 2183 602 2225 pro
621 2169 790 2213 virtute
811 2183 988 2212 summa
1010 2167 1333 2212 scommatibus
1362 2168 1486 2212 falsis
1515 2167 1635 2212 uiros
1661 2167 1897 2225 religiosos

269 2259 320 2289 ac
336 2244 555 2288 virtutum
573 2245 799 2290 studiosos
812 2246 1037 2290 lacescere
1050 2243 1145 2303 [sic]
1159 2245 1426 2300 habebatur,
1445 2251 1596 2302 spreta
1612 2244 1734 2288 omni
1750 2244 1895 2301 pieta—

268 2328 329 2375 te,
354 2321 567 2378 omnique
588 2329 846 2379 contempta
867 2322 1100 2379 religione.
1122 2323 1257 2366 Nunc
1278 2336 1406 2377 uero,
1426 2321 1611 2379 cognita
1626 2321 1712 2366 Dei
1734 2328 1894 2377 poten*

266 2397 343 2452 tia,
367 2398 543 2443 animos
570 2399 742 2443 feroces
768 2399 815 2442 in
841 2406 1102 2443 mansuetos
1129 2413 1181 2442 ac
1202 2398 1439 2456 religiosos
1461 2399 1804 2443 transtulerunt.
1831 2397 1893 2441 Hi

266 2473 485 2529 siquidem
512 2475 720 2532 diligenti
740 2475 890 2520 studio
912 2475 1065 2519 diuina
1093 2490 1216 2519 nunc
1236 2476 1571 2532 amplectuntur
1592 2481 1888 2518 sacramenta.

266 2551 544 2606 Frequenter
561 2552 681 2608 apud
696 2567 796 2607 nos,
814 2553 1194 2608 quemadmodum
1209 2559 1256 2597 et
1269 2551 1317 2596 in
1332 2551 1575 2609 parochiis,
1595 2550 1890 2595 absolutionis

336 2671 347 2690 ¹
397 2668 456 2703 Ex
473 2671 727 2717 autographo,
745 2670 786 2706 in
806 2670 901 2707 Cod.
920 2681 972 2717 29
990 2671 1044 2717 b),
1062 2670 1209 2718 duplici
1226 2669 1318 2717 fol.‚
1337 2680 1399 2717 42,
1418 2671 1505 2716 42,·
1521 2669 1637 2713 (108).

335 2730 349 2749 ²
399 2727 448 2763 P.
469 2727 650 2764 Canisius
668 2728 708 2764 in
726 2730 891 2776 epistola
904 2739 948 2776 24
961 2729 1198 2766 Novembris
1215 2729 1306 2775 1562
1319 2729 1522 2766 Leonardo
1536 2728 1676 2764 Kessel
1690 2727 1780 2763 data
1792 2728 1889 2762 haec

265 2786 331 2822 ait:
358 2786 419 2821 «E
442 2786 644 2822 Monachio
668 2788 991 2834 transmigrarunt
1014 2789 1137 2825 nostri
1166 2788 1207 2824 in
1235 2788 1511 2825 monasterium
1535 2787 1667 2834 procul
1691 2785 1886 2828 dissitum,

262 2844 416 2880 relictis
426 2845 472 2882 P.
489 2845 669 2890 Martino,
687 2846 732 2881 P.
752 2847 956 2884 Dominico
973 2853 1014 2884 et
1031 2847 1156 2884 tribus
1174 2847 1260 2883 aliis
1278 2846 1509 2893 Monaehij.»
1528 2846 1587 2881 Ex
1604 2844 1664 2880 his
1682 2843 1801 2890 igitur
1814 2843 1885 2879 tri-

261 2906 335 2940 bus
352 2903 619 2940 sacerdotibus
636 2904 714 2940 duo
731 2904 890 2942 fuerunt
907 2907 1095 2943 Martinus
1119 2906 1399 2943 Stevordianus
1423 2911 1464 2942 et
1486 2903 1715 2941 Dominicus
1738 2902 1887 2950 Mengi-

262 2974 349 3008 nus,
366 2963 481 3010 hujus
498 2959 632 2999 auctor
649 2963 852 3010 epistolae,
870 2964 919 3000 de
936 2976 1013 3013 quo
1030 2965 1120 3001 vide
1137 2966 1493 3009 BRAUNSBERGER,
1511 2965 1589 3000 loc.
1612 2963 1696 3007 cit.,
1714 2962 1788 3009 III,
1801 2969 1886 3007 212,

262 3023 347 3071 539,
367 3029 407 3060 et
424 3025 618 3070 HANSEn,
636 3025 711 3060 loc.
730 3024 813 3071 cit.,
832 3024 918 3073 351,
930 3026 1016 3072 649.
