2196 3522
348 295 417 343 586
979 293 1118 331 EP1sT.
1147 293 1191 332 P.
1219 293 1368 331 NADAL

349 397 604 455 augebatur
632 395 816 442 deuotio
844 395 1047 439 fidelium
1084 397 1143 440 ad
1178 395 1437 463 venerabile
1471 404 1803 443 sacramentum
1842 397 1984 441 colla-

349 472 476 514 psam
505 464 550 502 et
579 472 659 514 per
686 455 939 499 haereticos
967 463 1168 512 tempore
1195 455 1319 513 regis
1346 453 1556 500 Edwardi
1582 457 1823 511 sublatam,
1853 457 1985 502 resti-

350 518 507 562 tuebat
529 522 575 561 et
597 515 777 573 scriptis
805 515 1116 571 confirmabat,
1147 515 1195 558 in
1222 515 1388 571 quibus
1416 530 1488 560 me
1518 515 1630 559 nihil
1658 517 1746 561 tale
1774 516 1983 574 cogitan-

350 584 441 619 tem
474 575 678 621 eiusdem
707 574 1000 618 fraternitatis
1035 574 1361 631 vicepresidem
1398 575 1675 619 nominabat.
1706 577 1804 621 Nec
1839 576 1982 619 multo

350 642 468 693 post,
487 642 667 679 mortuo
684 633 883 691 episcopi
900 633 1177 678 londinensis
1198 635 1503 691 suffraganeo,
1528 641 1782 679 conuentus
1798 634 1980 691 quidam

350 696 640 739 sacerdotum
663 696 853 738 honeste
875 708 927 736 ac
949 693 1022 750 pie
1043 694 1090 736 in
1111 695 1245 737 domo
1267 694 1460 750 quadam
1483 694 1669 738 seorsim
1687 709 1713 738 a
1729 702 1863 739 coetu
1879 709 1981 739 sae—

352 754 573 798 cularium
595 753 850 799 viuentium
872 768 944 796 me
966 754 1181 810 petebant
1209 753 1256 796 in
1284 768 1419 797 suum
1446 753 1712 810 praesidem,
1752 768 1866 809 quos
1893 768 1982 811 ego

352 815 408 858 ad
447 821 627 871 tempus
662 812 844 869 aliquod
881 814 1098 869 regebam
1134 813 1385 858 secundum
1412 814 1596 870 regulas
1632 812 1835 857 eiusdem
1871 827 1983 857 con-

349 881 533 927 uentus;
558 874 809 917 vocabatur
831 879 982 916 autem
1005 887 1162 916 mensa
1177 874 1336 930 Jhesu.
1358 872 1559 916 Huncin
1575 873 1760 916 modum
1777 887 1826 917 se
1842 871 1985 929 primo

349 934 580 978 habebant
602 947 674 976 res
695 947 838 986 meae3
863 932 943 975 sed
966 933 1148 976 tandem
1172 931 1384 976 omnibus
1404 931 1503 976 istis
1525 940 1707 986 exutus,
1732 933 1845 989 fuga
1864 931 1986 977 vitae

352 993 591 1037 consulere
612 993 810 1049 cogebar
833 1005 911 1048 per
932 991 1039 1036 fidei
1068 991 1319 1035 catholicae
1345 994 1517 1045 hostes,
1548 1006 1652 1035 cum
1681 992 1846 1059 quibus
1873 990 1984 1034 mihi

351 1053 409 1096 ab
431 1051 619 1097 ineunte
641 1058 788 1096 aetate
810 1065 988 1107 semper
1010 1066 1166 1118 pugna
1187 1050 1343 1108 grauis
1365 1050 1465 1105 fuit3
1490 1051 1693 1107 nihilque
1719 1051 1810 1095 iam
1838 1049 1985 1108 magis

351 1111 399 1155 in
436 1111 554 1155 votis
590 1111 754 1165 habeo,
795 1125 930 1166 quam
967 1118 1017 1153 vt
1052 1110 1100 1154 in
1136 1111 1296 1155 eodem
1325 1110 1471 1154 stadio
1498 1110 1618 1156 vitae
1643 1110 1780 1155 huius
1800 1124 1984 1154 cursum

352 1172 604 1224 absoluam,
630 1171 765 1214 modo
787 1169 850 1213 ita
871 1169 980 1214 velit
1002 1171 1144 1214 Deus.
1171 1170 1257 1213 His
1279 1170 1341 1213 ita
1363 1169 1521 1227 gestis,
1546 1169 1624 1227 qui
1645 1185 1718 1214 me
1739 1170 1863 1227 prius
1879 1184 1984 1226 pro—

353 1237 560 1274 mouerat
583 1231 639 1273 ad
669 1229 996 1274 fraternitatem
1025 1229 1220 1273 nominis
1241 1231 1401 1287 JheSU,
1426 1231 1568 1283 Deus,
1594 1229 1763 1286 quique
1784 1229 1985 1274 secundo

354 1291 412 1334 ad
434 1304 637 1335 mensam
660 1289 854 1332 nominis
878 1291 1021 1347 jhesu
1049 1289 1279 1342 inuitarat,
1313 1288 1446 1332 tertio
1474 1303 1658 1345 quoque
1684 1289 1730 1332 in
1758 1288 1985 1334 Societate

354 1349 441 1393 ista
463 1349 658 1393 nominis
674 1351 817 1407 Jhesu
840 1348 1100 1392 collocauit.
1126 1347 1253 1393 Fecit
1274 1348 1383 1391 mihi
1405 1363 1572 1406 magna
1601 1348 1679 1404 qui
1707 1356 1867 1405 potens
1897 1355 1982 1403 est,

354 1416 400 1453 et
424 1416 631 1452 sanctum
654 1423 821 1452 nomen
843 1407 967 1452 Eius.
995 1408 1037 1451 8.
1062 1410 1291 1453 Decernat
1314 1409 1371 1452 de
1391 1423 1464 1452 me
1492 1408 1600 1464 quid
1627 1408 1736 1451 velit
1763 1407 1809 1450 in
1840 1407 1987 1451 omni-

356 1469 445 1512 bus
468 1475 625 1512 sancta
645 1467 733 1511 ista
754 1467 973 1512 Societas,
1001 1468 1146 1511 Mater
1167 1482 1267 1511 mea
1288 1474 1373 1512 est:
1398 1467 1541 1511 filium
1557 1475 1606 1511 vt
1622 1482 1755 1524 spero
1771 1467 1989 1512 obedien-

357 1534 448 1573 tem
472 1534 518 1573 et
539 1527 586 1570 in
609 1527 819 1571 omnibus
840 1526 1123 1584 resignatum
1145 1526 1192 1570 in
1214 1526 1392 1583 magnis
1421 1541 1565 1582 aeque
1592 1533 1729 1584 atque
1760 1526 1807 1570 in
1837 1526 1990 1583 paruis

357 1602 431 1631 me
454 1586 730 1643 experietur.
758 1588 857 1643 Ego
881 1586 1109 1642 proposui,
1134 1586 1358 1630 Dominus
1379 1586 1597 1643 perficiet.
1630 1602 1673 1644 9.
1706 1585 1859 1630 Primo
1883 1586 1987 1642 Maij

357 1661 477 1690 anno
499 1646 683 1691 Domini
711 1647 821 1702 1563
853 1647 1056 1690 Rhomae
1084 1646 1149 1689 fui
1176 1652 1387 1702 receptus
1414 1645 1461 1688 in
1489 1645 1778 1699 Societatem,
1810 1652 1857 1691 et
1882 1660 1991 1689 exa—

358 1707 572 1750 minatus.
621 1718 687 1750 10.
729 1707 796 1748 Ex
835 1720 924 1761 quo
960 1704 1195 1762 ingressus
1231 1720 1333 1749 sum
1372 1704 1645 1750 Societatem
1672 1705 1782 1748 nihil
1819 1706 1877 1748 de
1903 1707 1989 1750 hac

358 1765 677 1810 distributione
698 1764 806 1808 mihi
829 1764 999 1808 dictum
1023 1764 1123 1808 fuit.
1156 1778 1172 1808 1
1186 1777 1220 1808 Ι.
1243 1766 1356 1810 Sum
1373 1766 1599 1810 sacerdos.
1625 1777 1692 1809 12.
1715 1767 1826 1809 Post
1841 1779 1988 1809 meam

357 1825 403 1868 in
426 1827 543 1868 hanc
565 1824 839 1870 Societatem
868 1824 1187 1869 admissionem
1224 1824 1441 1868 continuo
1476 1824 1550 1868 hic
1587 1826 1788 1868 Rhomae
1824 1824 1985 1877 mansi,

359 1885 445 1928 nisi
466 1899 569 1928 cum
594 1886 808 1929 Loretum
827 1883 1206 1941 peregrinationis
1223 1898 1360 1927 causa
1375 1883 1574 1937 visitaui,
1595 1898 1685 1939 quo
1703 1890 1906 1940 tempore
1922 1883 1987 1927 fui

359 1944 405 1987 in
427 1943 619 2000 collegio
641 1944 879 1990 lauretano
897 1950 942 1988 et
970 1943 1282 1988 maceratensi.
1320 1956 1386 1998 13.
1419 1945 1622 1987 Rhomae
1650 1943 1698 1987 in
1724 1944 1859 1987 domo
1896 1945 1987 1987 Pa-

361 2011 480 2048 trum
516 2003 672 2060 peregi
709 2002 852 2060 prima
886 2002 962 2046 illa
997 2003 1264 2046 humilitatis
1305 2002 1534 2057 exercitia,
1579 2017 1696 2058 quae
1736 2003 1796 2059 hij
1842 2003 1990 2047 facere

360 2064 523 2116 solent,
553 2062 632 2119 qui
661 2062 709 2105 in
736 2061 1000 2119 probatione
1028 2069 1150 2106 sunt.
1184 2065 1425 2107 Praeterea
1450 2077 1561 2106 vero
1589 2062 1636 2105 in
1663 2062 1855 2119 collegio
1882 2064 1990 2106 rho-

359 2137 494 2166 mano
521 2121 733 2165 exercitia
771 2121 1019 2177 spiritualia
1055 2121 1165 2164 mihi
1202 2123 1425 2165 dabantur
1469 2134 1518 2177 17
1558 2122 1836 2178 Septembris
1872 2136 1990 2165 anno

359 2181 542 2225 Domini
571 2182 696 2236 15633
723 2181 887 2236 quibus
914 2181 1070 2235 finitis,
1101 2181 1376 2238 pauperibus
1406 2181 1452 2224 in
1488 2181 1770 2226 xenodochio
1799 2196 1878 2238 per
1908 2180 1985 2225 ali—

360 2248 471 2297 quot
493 2240 589 2284 dies
611 2240 928 2284 inseruiebam.
956 2242 1058 2284 Hoc
1081 2256 1200 2284 anno
1222 2241 1357 2284 ibam.
1371 2242 1586 2284 Loretum
1614 2240 1992 2298 peregrinationis

360 2315 511 2344 causa.
523 2299 843 2344 Confessiones
860 2315 1040 2356 quoque
1057 2302 1354 2355 quorumdam
1373 2302 1611 2357 anglorum
1629 2307 1675 2345 et
1691 2300 1898 2353 aliorum,
1913 2299 1990 2357 qui

358 2360 498 2404 latine
519 2359 725 2404 confiteri
747 2366 971 2415 poterant,
997 2359 1167 2403 audiui.
1199 2372 1266 2414 14.
1292 2362 1342 2403 In
1378 2359 1464 2413 his,
1490 2375 1607 2416 quae
1642 2359 1751 2402 mihi
1787 2361 1844 2403 ab
1880 2360 1990 2403 obe—

359 2419 527 2462 dientia
564 2418 767 2462 iniuncta
804 2420 998 2472 fuerant,
1043 2426 1252 2464 versatus
1293 2434 1409 2473 sum;
1450 2434 1584 2475 quam
1613 2419 1830 2463 foeliciter
1861 2418 1990 2462 nouit

360 2481 502 2532 Deus3
527 2493 615 2536 ego
636 2492 796 2523 vereor
818 2478 969 2522 omnia
992 2493 1130 2535 opera
1150 2493 1266 2522 mea.
1296 2489 1363 2533 15.
1389 2478 1711 2523 Decimatertia
1739 2478 1843 2534 Maij
1868 2493 1988 2522 anno

360 2538 543 2582 Domini
572 2539 681 2593 1563
711 2537 838 2582 emisi
866 2545 1045 2592 votum,
1077 2539 1328 2582 secundum
1357 2538 1702 2582 constitutiones
1730 2537 1983 2583 Societatis.

366 2599 433 2642 16.
454 2598 614 2641 Libros
630 2597 797 2640 multos
814 2604 859 2639 et
875 2612 968 2640 non
985 2598 1357 2650 contemnendos,
1370 2605 1521 2642 vestes
1536 2612 1732 2653 quoque,
1747 2612 1864 2654 quae
1878 2604 1988 2640 tunc

361 2657 499 2701 statui
521 2671 623 2701 meo
646 2658 979 2712 competebant,
1004 2664 1049 2700 et
1071 2657 1157 2700 alia
1179 2657 1225 2700 in
1247 2657 1417 2714 Anglia
1438 2672 1579 2714 penes
1600 2657 1806 2701 diuersos
1834 2663 1989 2700 custo—

361 2716 525 2760 dienda
546 2715 722 2771 reliqui:
748 2730 851 2758 nam
875 2715 1089 2772 iniquitas
1117 2723 1371 2773 temporum
1398 2731 1490 2759 non
1518 2716 1806 2773 permittebat
1835 2731 1907 2760 me
1934 2716 1990 2760 de

359 2776 472 2820 meis
493 2775 733 2832 disponere
749 2782 882 2831 prout
898 2776 1107 2820 volebam
1125 2790 1178 2819 ac
1194 2775 1383 2832 proinde
1402 2775 1620 2819 faciebam
1637 2775 1756 2820 sicut
1771 2783 1988 2832 poteram.
2025 2811 2036 2823 .

360 2835 521 2879 Libros
543 2833 817 2892 cognatione
838 2834 948 2878 mihi
976 2835 1246 2879 coniunctae
1273 2836 1354 2878 sed
1381 2835 1646 2880 haeresibus
1674 2835 1868 2880 infectae
1895 2849 1992 2878 ma—

360 2902 519 2939 tronae
540 2894 927 2946 commendabam,
952 2908 1044 2937 non
1066 2895 1211 2938 solum
1235 2894 1340 2950 quia
1362 2909 1434 2938 me
1454 2894 1587 2938 vnice
1609 2895 1788 2938 amabat
1810 2901 1856 2939 et
1881 2892 1990 2936 mihi

358 2953 572 2998 benefitia
593 2954 736 2997 multa
757 2953 1055 3010 praestiterat,
1080 2953 1187 2998 licet
1202 2953 1431 2998 haeretica
1448 2961 1567 2999 esset
1583 2953 1783 3010 supremi
1800 2953 1985 3010 gradus,

358 3014 439 3057 sed
476 3012 582 3069 quia
617 3013 738 3069 apud
773 3012 893 3055 illam
931 3012 1168 3056 haereticis
1205 3020 1356 3057 notam
1395 3021 1440 3057 et
1477 3012 1564 3056 illis
1596 3015 1777 3057 charam
1812 3011 1988 3055 latitare

359 3072 559 3130 potuisse
580 3072 866 3126 videbantur,
892 3078 937 3116 et
958 3072 1153 3115 maxime
1175 3071 1221 3115 in
1244 3079 1343 3116 tuto
1365 3087 1479 3117 esse.
1505 3072 1693 3128 Louanij
1714 3085 1894 3128 quoque
1909 3070 1986 3114 vbi
