2196 3522
0 515 14 635 ἔ

0 638 17 704 ᾗ,

994 273 1214 310 ΑΡΡεκωΧ
1286 287 1289 291 r
1849 283 1919 321 529
1955 264 1957 267 ’

283 373 566 418 thematicas:
591 372 798 419 Viennae
818 387 899 431 per
919 372 1164 419 triennium
1184 373 1273 417 iam
1298 374 1392 419 fere
1414 374 1691 432 theologiam
1719 382 1766 420 et
1791 375 1918 420 iuxta

282 447 464 490 semper
490 432 678 549 aliquid]
687 447 744 477 ex
770 432 1108 490 philosophicis.
1137 434 1308 477 Actum
1331 433 1538 479 Viennae
1564 449 1592 493 9
1614 435 1817 492 Augusti
1839 451 1912 479 an.

290 494 416 549 1566.
441 493 489 549 [1‚
522 493 661 536 26-28

379 565 416 596 1.
481 552 632 595 Adam
660 550 891 595 Bissooclz.
925 563 966 595 2.
999 550 1176 608 Viginti
1203 566 1346 595 annos
1382 558 1533 595 natus.
1576 565 1617 607 3.
1658 554 1916 598 Germanus

280 610 553 668 spirensis...
586 623 652 655 12.
678 612 723 655 A
749 617 945 667 quatuor
960 610 1090 654 annis
1117 609 1164 653 in
1185 610 1459 655 Societatem
1488 618 1698 668 receptus
1726 612 1792 656 fui
1814 614 1915 657 Mo·
1946 613 1950 617 ’

280 670 487 728 guntiae,
508 685 626 727 quae
641 678 711 714 est
726 669 773 712 in
789 669 1021 726 provincia
1037 668 1200 713 Rheni:
1220 669 1504 714 examinatus
1521 671 1602 714 fui.
1613 705 1621 714 .
1633 705 1642 714 .
1668 683 1729 725 14
1750 672 1915 716 Laicus

281 744 401 773 sum.
440 740 507 785 15.
541 729 627 773 Fui
655 729 702 772 in
729 728 923 786 collegio
950 728 1238 785 moguntino,
1269 729 1507 777 trevirensi
1535 736 1581 774 et
1608 730 1910 776 coloniensi...

290 790 357 833 16.
379 789 502 833 Nihil
523 788 571 831 in
593 788 822 834 Societate
849 788 935 832 feci
956 794 1134 844 praeter
1154 787 1336 841 sarcire,
1361 787 1408 831 in
1436 788 1587 832 eulina
1612 789 1843 843 inservire,
1868 798 1915 836 et

280 849 424 893 semel
444 848 598 892 literas
619 846 859 904 Moguntia
881 846 1113 892 Treverim
1144 847 1336 891 tulerim.
1362 845 1412 906 [1,
1444 847 1511 907 17]

375 907 523 965 [1566]
552 920 589 951 1.
644 907 852 950 Adamus
867 907 1084 950 Hollerus
1098 907 1314 962 (Holler).
1342 907 1451 962 238
1463 921 1582 951 anno
1597 910 1912 961 natus¹,nunc

279 981 371 1024 ago
394 968 448 1010 28
472 981 655 1010 annum.
699 979 741 1021 3.
781 965 976 1010 Natione
998 980 1260 1022 germanus,
1286 965 1511 1022 provintia
1537 966 1806 1020 austriacus‚
1831 983 1913 1025 pa-

282 1026 367 1069 tria
387 1025 702 1070 viennensis...
728 1037 770 1079 7.
796 1026 921 1070 Ante
942 1025 1199 1082 ingressum
1228 1025 1470 1070 Societatis
1505 1026 1719 1070 versabar
1740 1026 1786 1069 in
1813 1035 1911 1071 stu—

279 1085 366 1128 diis
387 1100 413 1129 a
435 1084 641 1142 pueritia,
663 1083 823 1141 partim
847 1084 893 1128 in
915 1083 1081 1128 scholis
1102 1083 1246 1128 sancti
1268 1084 1486 1141 Stephani
1503 1084 1724 1138 Viennae,
1750 1086 1910 1142 partim

278 1145 401 1201 apud
418 1146 616 1198 schotos,
637 1143 798 1200 partim
822 1144 943 1200 apud
960 1150 1153 1188 nostros.
1181 1155 1247 1187 12.
1269 1145 1498 1200 Receptus
1514 1158 1615 1187 sum
1633 1145 1691 1187 ad
1707 1146 1908 1191 Societa-

282 1210 372 1247 tem
403 1218 522 1247 anno
563 1214 641 1258 53,
675 1203 902 1247 dominica
932 1210 1034 1260 post
1066 1203 1231 1247 festum
1263 1203 1466 1246 omnium
1499 1204 1795 1257 Sanctorum,
1823 1206 1909 1248 sub

279 1264 338 1307 D.
356 1264 542 1319 Lanoyo
558 1269 604 1307 et
619 1264 756 1307 Patre
772 1263 1012 1306 Erhardo..
1023 1275 1124 1316 .1.4
1148 1263 1222 1306 Ad
1240 1262 1542 1307 sacerdotium
1560 1270 1791 1319 promotus
1809 1279 1909 1307 sum

278 1336 399 1365 anno
420 1323 492 1366 61:
516 1321 563 1364 in
585 1321 658 1365 die
680 1323 728 1367 S.
757 1321 922 1379 Philipi
943 1328 989 1365 et
1006 1321 1164 1380 Jacobi
1180 1321 1388 1378 primitus
1404 1322 1644 1367 celebravi.
1679 1333 1743 1377 15.
1771 1323 1822 1366 In
1838 1323 1908 1366 di-

278 1380 421 1448 versis
450 1380 654 1438 collegiis
681 1383 903 1425 hactenus
930 1387 1138 1424 versatus
1166 1395 1266 1424 sum
1293 1380 1364 1424 his
1400 1394 1450 1436 13
1479 1381 1609 1424 annis
1637 1381 1684 1424 in
1712 1382 1908 1439 collegio

277 1439 554 1494 viennenssi,
593 1440 823 1507 pragensi,
863 1455 1065 1493 romano,
1106 1439 1461 1496 tyrnavienssi...
1505 1442 1571 1484 18.
1599 1442 1648 1483 In
1677 1441 1792 1485 festo
1814 1443 1908 1486 Na-

230 1526 234 1529 ·
278 1499 465 1544 tivitatis
486 1499 671 1544 Domini
692 1507 798 1543 vota
820 1499 906 1544 feci
927 1514 1049 1543 anno
1069 1500 1125 1555 56
1142 1501 1320 1556 Pragae
1336 1500 1422 1543 sub
1442 1502 1576 1543 Patre
1592 1501 1800 1545 Usmaro:
1821 1515 1906 1545 nec

276 1558 364 1603 alia
384 1560 530 1603 habeo
546 1565 667 1602 vota.
688 1559 739 1617 [1,
771 1570 842 1614 15,
871 1559 936 1616 16]

372 1631 408 1662 1.
474 1618 681 1661 Adamas
714 1619 868 1662 Niden
900 1617 1176 1662 trevirensis.
1209 1630 1252 1661 2.
1273 1618 1411 1661 Anno
1429 1628 1500 1673 50.
1544 1631 1583 1673 3.
1622 1617 1906 1663 Trevirensis

277 1676 490 1731 nationis,
522 1677 783 1734 provinciae
814 1677 1031 1729 renensis,
1056 1676 1200 1733 patria
1229 1676 1545 1721 trevirensis...
1579 1689 1644 1720 12.
1672 1678 1790 1722 Sunt
1811 1678 1905 1722 duo

277 1751 472 1781 menses.
507 1734 573 1795 [In
604 1737 816 1795 collegio]
849 1736 1087 1782 trevirensi
1119 1735 1396 1780 Renensis...
1425 1749 1491 1791 14.
1512 1738 1616 1780 Non
1634 1750 1734 1779 sum
1752 1751 1904 1781 sacer-

275 1796 374 1838 dos:
399 1796 543 1839 habeo
564 1795 753 1852 primam
772 1803 1020 1839 tonsuram.
1063 1806 1129 1850 15.
1166 1795 1438 1840 Trevirensi.
1452 1830 1480 1839 ..
1508 1797 1574 1839 16.
1596 1795 1769 1840 Studiis
1791 1795 1905 1840 libe-

276 1855 445 1898 ralibus
482 1869 664 1911 operam
686 1855 790 1899 dedi
812 1863 918 1900 ante
954 1855 1233 1912 ingressum,
1258 1854 1395 1910 idque
1418 1854 1633 1907 Treviris,
1665 1856 1745 1898 sed
1767 1869 1904 1898 num-

274 1928 411 1969 quam
434 1914 479 1956 in
502 1914 747 1967 Societate,
773 1929 853 1971 per
875 1915 903 1958 6
925 1928 1083 1958 annos.
1109 1912 1159 1972 [1,
1186 1913 1258 1971 20]

370 1986 386 2017 1
451 1974 691 2017 Adrianus
718 1975 915 2031 Luffius.
952 1986 993 2017 2.
1027 1973 1342 2029 Quadraginta
1369 1980 1566 2029 septem,
1598 1972 1636 2015 si
1664 1979 1787 2016 recte
1807 1986 1903 2016 me-

273 2032 397 2075 mini.
426 2046 467 2087 3.
495 2033 563 2075 Ex
584 2033 780 2076 confinio
810 2032 1096 2084 Brabantiae,
1123 2032 1395 2076 Hollandiae
1417 2039 1462 2077 et
1484 2031 1713 2083 Geldriae,
1738 2047 1763 2076 e
1785 2046 1902 2089 pago

273 2092 413 2148 vulgo
442 2092 759 2148 Harrdvvych,
792 2093 972 2135 duobus
1009 2091 1258 2134 miliaribus
1279 2106 1305 2134 a
1328 2091 1663 2135 Buscoducis...
1696 2103 1763 2134 12.
1791 2093 1902 2135 Tres

271 2150 379 2193 anni
420 2150 467 2193 in
509 2151 704 2207 collegio
745 2151 991 2195 treverensi
1027 2150 1285 2207 provinciae
1322 2152 1573 2194 rhenanae:
1617 2149 1901 2194 examinatus

273 2209 390 2254 fui...
439 2223 505 2264 14.
547 2210 659 2254 Sum
695 2212 921 2255 sacerdos.
969 2221 1034 2266 15.
1071 2211 1121 2253 In
1153 2210 1278 2252 nullo
1315 2209 1401 2253 alio
1430 2225 1566 2266 quam
1594 2209 1896 2254 tervirensi...

278 2269 344 2311 18.
371 2270 540 2313 Votum
563 2269 757 2325 primum
778 2269 826 2313 in
847 2269 1074 2315 Societate
1097 2268 1182 2312 feci
1211 2276 1316 2312 ante
1340 2268 1583 2312 triennium
1606 2269 1714 2321 fere,
1740 2283 1901 2325 nempe

270 2328 438 2385 4Junii
466 2329 590 2382 1564-
618 2328 667 2386 [1.
690 2329 790 2387 345]
884 2388 891 2396 ,
1109 2387 1116 2395 ,
1655 2385 1663 2393 ,
1721 2385 1728 2393 ,

344 2397 402 2430 ’1.
468 2388 671 2430 Alardus
692 2387 890 2430 Arnoldz
925 2387 1186 2431 Uranclzus.
1220 2398 1261 2429 2.
1287 2387 1434 2430 Natus
1462 2400 1604 2429 annos
1626 2392 1803 2429 circlter
1826 2386 1896 2428 26.

272 2458 313 2500 3.
341 2446 704 2490 Buscoducensis
719 2446 1014 2490 brabantinus
1030 2453 1167 2501 atque
1184 2459 1429 2502 germanus
1458 2444 1659 2497 inferior,
1694 2445 1778 2487 sub
1802 2444 1900 2486 dio-

270 2504 363 2547 cesi
385 2505 656 2549 leodiensi...
695 2517 761 2549 12.
794 2507 1021 2561 Receptus
1047 2519 1147 2548 sum
1175 2504 1220 2547 in
1244 2503 1516 2549 Societatem
1540 2519 1619 2560 per
1641 2518 1786 2546 annos
1808 2504 1901 2546 fere

269 2577 349 2606 sex
370 2579 397 2607 a
418 2566 471 2607 R.
499 2566 551 2607 Ρ.
578 2565 817 2610 Leonardo
833 2564 879 2607 in
895 2563 1140 2609 Germania
1156 2563 1372 2616 inferiori,
1392 2563 1438 2606 in
1456 2562 1650 2618 collegio
1669 2562 1900 2606 colonien-

269 2622 342 2665 si..
353 2656 361 2665 .
394 2635 460 2676 14.
487 2623 750 2668 Sacerdotio
767 2623 852 2668 Dei
869 2623 1017 2680 gratia
1038 2622 1241 2666 initiatus
1269 2637 1385 2666 sum.
1425 2633 1491 2677 15
1523 2622 1609 2665 Fui
1638 2621 1682 2663 in
1705 2620 1901 2677 collegio

267 2681 530 2726 coloniensi.
557 2682 606 2739 [I,
634 2695 704 2740 29,
732 2682 803 2740 30]

364 2753 401 2784 1.
466 2742 670 2784 Alardus
687 2742 1011 2784 Franckaenus
1026 2739 1074 2799 [?]
1102 2754 1143 2785 2.
1169 2743 1317 2786 Natus
1338 2730 1480 2784 annos
1505 2738 1683 2783 circiter
1699 2737 1901 2794 triginta.

272 2812 313 2854 3.
333 2800 591 2844 Germanus
607 2815 708 2843 sum
725 2800 925 2854 inferior,
937 2801 1186 2844 brabantus
1203 2807 1249 2844 et
1264 2797 1653 2843 buscoducensis..
1665 2809 1761 2840 ..12
1779 2798 1901 2841 Ante

197 2865 212 2877 ·
269 2872 415 2902 annos
448 2859 679 2911 undecim,
719 2873 838 2902 anno
871 2835 941 2914 56.
989 2872 1056 2914 14.
1097 2861 1317 2905 Sacerdos
1354 2873 1468 2902 sum.
1517 2867 1582 2911 15.
1623 2857 1672 2899 In
1709 2855 1902 2911 collegio

266 2917 531 2970 coloniensi,
557 2918 789 2975 provincia
816 2917 1018 2962 Rheni...
1044 2918 1235 2964 Solum
1224 2933 1271 2961 1n
1292 2920 1380 2961 hoc
1407 2915 1653 2960 coloniensi
1675 2914 1740 2958 fui
1761 2915 1903 2959 colle-

340 3050 349 3070 ¹
400 3047 444 3083 Id
462 3053 537 3092 est,
558 3052 672 3084 natus
691 3059 792 3084 anno
809 3046 916 3092 1538.
