2196 3522
870 268 914 305 27
942 260 1206 296 Smmms
1234 259 1326 305 1564
1839 258 1910 305 523

269 363 382 408 dere
401 376 477 406 me
495 362 732 419 permittit.
758 362 900 407 Aliud
915 369 1037 407 esset
1057 361 1095 405 si
1118 361 1376 419 theologiae
1392 375 1575 406 cursum
1597 361 1717 405 sicut
1733 361 1807 405 alii
1824 362 1907 404 ab-

267 440 526 492 soluissem,
551 440 675 495 quod
696 439 804 484 licet
824 454 917 483 non
938 438 1014 493 sit,
1037 437 1150 481 nihil
1170 437 1280 481 mihi
1298 438 1618 495 parcitur‚'nec
1634 439 1692 482 ab
1708 437 1907 483 externis

272 524 512 571 uocantur,
532 516 619 559 nisi
637 516 903 560 nominatim
919 517 1077 560 doctor
1094 516 1276 571 Seydel.
1297 515 1464 559 Officio
1483 531 1599 569 meo,
1614 515 1761 573 gratia
1777 515 1907 560 Chri·

269 594 330 638 sti
366 609 458 637 non
494 594 655 647 deero,
696 594 776 638 sed
813 593 960 637 sciant
996 592 1191 648 compati
1226 592 1578 636 infirmitatibus.
1604 594 1753 638 Credo
1785 594 1908 650 quod

269 671 453 728 saepius
483 671 670 715 libertas
697 685 798 715 mea
826 676 1085 722 accusatur,
1125 669 1206 714 sed
1243 676 1458 714 transeat:
1498 671 1692 712 Domini
1727 685 1902 713 sumus.

269 749 555 792 Commendo
577 762 649 792 me
670 747 950 797 orationibus
967 754 1014 792 et
1029 746 1198 790 sanetis
1216 747 1270 790 R.
1293 748 1346 790 P.
1369 748 1424 790 T.
1445 746 1693 799 sacrifieiis,
1715 754 1765 790 ut
1787 747 1908 791 uires

207 872 217 879 ,
268 824 318 868 in
339 824 549 868 omnibus
570 825 813 868 addantur.
834 823 973 868 Nolui
989 823 1151 868 litteris
1169 823 1281 868 meis
1298 831 1344 866 et
1360 823 1540 880 ineptiis
1557 838 1750 881 grauare
1772 826 1826 868 R.
1849 826 1903 868 P.

270 903 554 958 generalem,
586 901 668 945 sed
695 907 901 958 rogatam
931 900 1067 945 uelim
1106 902 1160 944 R.
1203 902 1257 950 P.
1299 901 1354 944 T.
1387 908 1439 944 ut
1468 915 1572 944 eum
1602 916 1703 944 meo
1725 902 1908 946 nomine

269 986 453 1036 rogaret
489 993 547 1022 ne
580 978 670 1022 mei
702 978 748 1021 in
771 978 1054 1022 orationibus
1091 977 1186 1021 suis
1224 991 1328 1021 cum
1368 977 1581 1022 Patribus
1619 978 1829 1023 omnibus
1862 986 1910 1023 et

272 1056 485 1100 fratribus
503 1055 866 1100 obliuisceretur.

361 1133 404 1176 6.
469 1132 606 1177 Volui
628 1134 718 1176 hoc
740 1133 797 1176 de
820 1134 873 1176 P.
900 1131 1123 1177 Michaele
1144 1133 1260 1189 Spes
1282 1133 1463 1177 addere.
1498 1133 1733 1190 Affligitur
1755 1135 1909 1177 multi-

271 1210 432 1263 modis,
451 1211 575 1266 quod
594 1209 747 1254 uideat
765 1217 831 1253 tot
847 1209 1040 1254 iuuenes
1062 1217 1154 1253 tam
1175 1210 1333 1266 paucis
1350 1210 1481 1254 annis
1503 1218 1748 1270 promotos,
1767 1226 1909 1268 seque

272 1287 425 1331 multis
446 1287 576 1331 annis
600 1287 646 1330 in
669 1285 900 1332 Societate
923 1294 1154 1330 uersatum
1177 1287 1423 1341 laborasse,
1448 1302 1537 1330 non
1558 1295 1709 1331 tamen
1731 1289 1788 1331 ad
1810 1296 1908 1332 stu-

269 1363 346 1407 dia
366 1373 641 1420 promotum.
668 1364 818 1408 Credo
840 1364 1150 1408 consolaretur
1172 1363 1209 1407 si
1231 1364 1289 1407 ad
1313 1365 1506 1421 gradum
1524 1364 1782 1410 licentiatus
1804 1380 1907 1422 pro-

272 1448 550 1495 moueretur,
576 1449 627 1484 ut
649 1440 815 1484 offlicio
836 1440 988 1496 aliquo
1010 1440 1252 1485 Societatis
1274 1442 1572 1486 honoraretur
1605 1444 1633 1484 ¹.
1659 1443 1776 1486 Nam
1802 1442 1910 1486 alio-

274 1517 386 1573 quin
416 1517 652 1575 ingenium
681 1517 852 1562 homini
875 1532 966 1561 non
995 1518 1138 1572 deest3
1168 1518 1311 1561 multa
1338 1532 1521 1574 quoque
1547 1519 1660 1576 legit
1687 1526 1733 1562 et
1754 1534 1910 1576 exper-

273 1602 347 1639 tus
368 1602 452 1638 est.
479 1596 630 1640 Credo
651 1602 805 1652 posset
833 1597 919 1638 hoc
941 1609 1032 1638 non
1055 1595 1171 1640 male
1192 1595 1306 1649 fieri3
1331 1610 1435 1639 nam
1466 1597 1728 1651 frequenter
1748 1596 1910 1641 similia

272 1672 455 1716 uidetur
490 1681 710 1729 repetere.
744 1673 953 1717 Habetur
981 1672 1162 1728 quidem
1201 1687 1282 1728 pro
1319 1680 1515 1726 tentat03
1546 1674 1625 1717 sed
1653 1675 1790 1718 credo
1819 1673 1912 1717 falli

272 1750 455 1793 multos.
483 1751 541 1794 V.
567 1751 622 1794 R.
650 1751 699 1793 P.
730 1757 884 1806 posset
910 1751 998 1793 hoc
1026 1765 1051 1793 a
1081 1752 1215 1794 Patre
1244 1750 1446 1807 generali
1476 1749 1733 1807 impetrare.
1766 1750 1912 1795 Audit

272 1840 397 1870 meas
419 1825 653 1880 lectiones,
680 1835 726 1872 et
756 1827 935 1870 uidetur
966 1828 1084 1871 uelle
1115 1827 1300 1872 studere
1322 1827 1359 1871 si
1381 1842 1485 1884 spes
1514 1827 1756 1884 aliquando
1777 1829 1910 1873 ades-

272 1909 358 1947 set.
385 1904 512 1946 Haec
535 1904 620 1947 sub
649 1917 752 1947 rosa
780 1903 950 1958 scrib03
985 1905 1150 1948 nollem
1180 1903 1368 1946 nimium
1392 1904 1522 1948 scire.
1559 1905 1758 1961 Optatus
1786 1906 1911 1950 Iesus

275 1981 330 2024 V.
365 1982 419 2024 R.
447 1983 499 2024 P.
521 1988 685 2024 cuncta
701 1996 757 2025 ex
776 1988 884 2024 uoto
900 1982 1137 2034 concedat,
1158 1982 1326 2038 detque
1343 1981 1560 2026 Societati
1579 1982 1906 2026 incrementum

272 2056 320 2100 in
350 2057 510 2113 spiritu
541 2065 587 2100 et
614 2072 815 2102 numero.
851 2058 1057 2103 Viennae
1094 2058 1322 2106 Austriae.
1361 2059 1487 2114 1564,
1520 2071 1575 2113 27
1605 2059 1905 2116 Septembris.

274 2135 332 2178 V.
358 2136 412 2178 R.
439 2136 492 2178 P.
520 2149 682 2178 seruus
703 2134 937 2192 indignus,

252 2207 256 2212 '
1147 2214 1401 2270 JOHANNES
1433 2214 1725 2258 SEYDELms.

363 2289 608 2344 Inscriptio
635 2289 684 2330 in
718 2291 886 2344 quarta
910 2289 1110 2346 pagina:
1142 2288 1171 2346 †
1204 2290 1465 2333 Admodum
1493 2290 1610 2333 Rdo.
1648 2290 1694 2332 in
1726 2291 1911 2335 Christo

274 2364 399 2408 Patri
426 2367 484 2408 D.
518 2367 579 2408 M.
612 2364 779 2417 Natali,
820 2379 975 2409 sacrae
1013 2365 1291 2422 Theologiae
1328 2366 1574 2410 Doctori...
1608 2368 1707 2410 Ihfi.
1740 2369 1908 2412 Romae

276 2441 351 2486 Pri
373 2467 431 2473 —-
452 2467 510 2473 --
531 2467 590 2473 --
612 2442 627 2462 ²
656 2443 843 2486 Romae.
876 2443 985 2485 Alia
1006 2457 1165 2485 manu:
1193 2443 1318 2497 1564.
1346 2443 1538 2487 Vienna.
1568 2445 1620 2487 P.
1647 2446 1719 2502 Jo.
1745 2444 1905 2489 Seide-

275 2518 333 2562 lio
357 2530 412 2573 27
434 2519 480 2562 d’
507 2519 623 2573 7.bre
645 2544 703 2551 —-
724 2519 883 2576 Sigilli
903 2520 1170 2577 uestigium.

348 2664 358 2683 ¹
409 2660 567 2709 Polanci
586 2672 700 2695 manu
719 2661 758 2696 in
777 2660 950 2707 margine
968 2662 1064 2697 haec
1079 2662 1223 2708 scripta
1236 2662 1440 2698 habentur:
1458 2664 1511 2698 Al
1527 2663 1622 2709 Spes
1636 2674 1709 2708 que
1723 2663 1758 2698 si
1771 2664 1908 2709 quiere

269 2723 392 2762 artes,
411 2721 473 2756 las
490 2732 572 2766 oya,
595 2721 616 2755 ό
634 2721 677 2755 la
694 2719 906 2768 theologia,
926 2721 961 2756 si
978 2721 1013 2756 le
1023 2724 1168 2768 pareze
1182 2733 1255 2768 que
1270 2722 1373 2758 tiene
1388 2724 1580 2758 te'rminos
1594 2723 1792 2758 bastantes
1801 2716 1911 2770 pa'ra

271 2781 369 2825 ella‚·
381 2793 406 2827 y
420 2792 459 2816 se
476 2781 604 2826 quiete
617 2792 642 2825 y
660 2781 860 2816 attienda.

344 2842 359 2862 ²
409 2840 562 2875 Desunt
579 2839 706 2885 aliqua
728 2841 862 2875 verba.
