2196 3522
273 286 339 332 184
820 283 968 318 EPIST.
996 280 1040 315 P.
1069 279 1338 325 Naum—242

267 388 357 431 fine
378 388 461 429 che
483 385 520 429 si
536 383 752 441 pretende
774 396 907 426 serua
922 382 964 424 13
981 379 1305 433 satisfactione,
1328 380 1461 436 quale
1479 380 1617 426 etiam
1633 387 1864 426 mostraua
1883 383 1896 406 ¹

267 463 496 520 singulare
527 461 557 503 il
590 459 801 504 cardenal
831 457 877 501 di
910 459 1101 502 Lorena.
1129 457 1304 514 Questa
1333 456 1522 501 mattina
1543 458 1574 500 l'
1598 459 1751 502 hanno
1771 458 1898 503 chia-

265 546 386 583 mato
408 539 474 581 fra
496 536 660 594 puochi
683 535 887 593 deputati
909 549 989 591 per
1013 534 1328 578 accommodat
1343 535 1486 591 (come
1503 534 1651 592 credo)
1668 534 1700 578 11
1716 536 1895 590 03110111,

263 623 311 661 et
331 615 400 659 cio
422 617 506 660 che
527 614 565 657 si
586 616 645 658 ha
666 614 722 657 de
746 612 978 669 publicare
1000 611 1119 656 nella
1141 610 1360 667 prossima
1388 610 1590 656 sessione
1616 612 1649 655 ².
1675 612 1833 670 Hoggi
1861 612 1899 656 si

262 692 532 736 cominciara
564 707 589 734 a
622 697 807 734 trattare
839 690 957 733 della
988 687 1248 742 residentia,
1283 695 1328 733 et
1367 694 1492 732 tanta
1524 689 1660 734 fretta
1693 689 1898 746 potriano

261 771 371 814 dare
386 769 432 811 in
448 767 688 825 expedirsi,
709 769 794 810 che
811 781 891 823 per
907 766 938 809 11
955 765 1116 823 giorno
1135 764 1375 822 designato
1396 765 1502 810 delli
1526 777 1576 820 17
1594 766 1668 810 del
1689 772 1900 823 presente

260 845 301 890 si
322 845 488 903 potessi
513 845 604 888 fare
627 846 670 888 la
693 843 911 896 sessione,
938 845 1023 887 che
1047 845 1147 887 sara
1169 842 1215 886 di
1237 857 1327 900 qua
1349 858 1375 886 a
1396 850 1492 886 otto
1513 843 1559 886 di
1581 844 1613 887 ³.

355 935 397 966 2.
462 923 511 965 ln
533 923 676 965 Roma
704 920 830 963 molti
858 919 963 965 delli
994 919 1138 964 nostri
1167 916 1331 964 stanno
1352 919 1533 963 amalati
1554 921 1612 964 da
1639 926 1799 976 questo
1821 935 1898 964 03-

262 1007 398 1053 tarro,
424 1013 551 1043 come
573 1001 718 1042 anche
740 999 857 1043 nelle
879 999 992 1043 altre
1014 999 1163 1042 bande
1184 998 1241 1042 de
1262 997 1388 1042 Italia
1411 998 1562 1054 afflige
1585 997 1712 1041 molti
1740 1004 1900 1054 questa

262 1076 509 1130 influentia,
536 1084 580 1120 et
603 1076 727 1119 molti
750 1076 944 1119 moiono.
971 1077 1146 1120 Perche
1174 1075 1339 1119 dicono
1367 1077 1453 1119 che
1480 1075 1546 1119 sia
1571 1090 1660 1118 una
1681 1074 1832 1132 specie
1852 1074 1899 1118 di

264 1161 406 1211 peste,
431 1161 475 1198 et
497 1153 529 1196 li
551 1153 713 1197 medici
736 1153 1063 1196 commandano
1086 1151 1323 1210 guardarsi
1345 1167 1475 1197 come
1491 1153 1537 1195 d'
1557 1151 1771 1196 infirmita
1786 1166 1899 1196 con-

265 1230 455 1288 tagiosa.
493 1232 704 1275 Nessuno
735 1245 820 1286 pur
850 1231 875 1273 e
907 1236 1055 1273 morto
1086 1229 1192 1273 delli
1214 1230 1372 1283 nostri,
1398 1229 1486 1274 Dio
1515 1230 1715 1284 laudato,
1741 1228 1841 1273 anzi
1863 1228 1901 1273 si

263 1307 426 1351 leuano
457 1307 573 1351 assai
605 1314 771 1363 presto.
809 1308 866 1351 V.
902 1308 956 1351 R.
983 1306 1269 1351 raccomandi
1290 1314 1336 1351 et
1365 1306 1507 1350 faccia
1531 1307 1853 1351 raccomandar
1876 1321 1902 1351 a

269 1431 387 1477 Hugo
404 1432 560 1476 (Sacrae
580 1431 835 1479 Antiquitatis
855 1433 1119 1468 Monumenta.
1139 1431 1309 1478 Stivagii
1335 1439 1440 1477 1725,
1459 1443 1548 1478 pag.
1567 1431 1653 1477 349)
1670 1431 1900 1478 deprompto

271 1490 367 1525 haec
386 1490 451 1525 ait:
474 1491 572 1526 «Die
591 1490 773 1526 Mercurii
788 1502 887 1526 nona
901 1490 1176 1527 Decembris...
1191 1502 1214 1526 a
1227 1490 1389 1526 meridie
1404 1492 1573 1537 Jacobus
1588 1490 1745 1536 Lainez,
1761 1489 1900 1538 Hispa-

271 1561 359 1595 nus,
378 1549 621 1596 praepositus
639 1550 834 1596 generalis
853 1549 1061 1586 Societatis
1080 1551 1176 1597 Jesu
1199 1550 1313 1597 dixit,
1333 1550 1402 1586 sed
1422 1562 1499 1586 non
1518 1550 1724 1586 admodum
1749 1549 1901 1585 satisfe-

264 1608 357 1644 cit.»
373 1609 431 1644 Ita
448 1609 721 1656 compendium
739 1610 811 1645 hoc
821 1636 830 1645 .
853 1610 984 1656 Ipsum
999 1621 1092 1645 vero
1105 1609 1270 1646 diarium
1285 1609 1480 1656 integrum
1495 1622 1516 1645 a
1531 1609 1734 1655 Dollinger
1748 1609 1896 1645 editum

264 1668 466 1713 (Berichte
482 1670 565 1704 und
586 1669 837 1716 Tagebizcher
851 1681 924 1704 zur
942 1669 1138 1705 Geschiste
1152 1671 1219 1705 des
1237 1669 1483 1706 Concilsrvon
1504 1670 1656 1711 Trient,
1673 1669 1724 1715 II,
1742 1671 1829 1714 224)
1845 1668 1900 1704 ita

265 1738 420 1773 prorsus
439 1729 568 1763 habet:
591 1728 689 1763 «Die
708 1728 934 1764 Mercurii...
954 1740 975 1764 a
994 1728 1155 1764 meridie
1171 1730 1340 1775 Jacobus
1359 1729 1503 1764 Lainez
1521 1728 1634 1774 dixit,
1649 1727 1719 1763 sed
1736 1738 1897 1775 pauca.»

265 1787 377 1832 Quae
395 1786 552 1833 quidem
571 1786 733 1822 mutatio
751 1798 826 1822 non
844 1799 937 1823 casu
955 1787 1056 1824 faeta
1075 1787 1197 1824 fuisse
1216 1788 1384 1834 videtur,
1404 1787 1633 1835 praesertim
1651 1787 1685 1823 si
1698 1799 1789 1834 prae
1806 1797 1896 1823 ocu-

264 1845 314 1881 lis
331 1846 547 1881 habeantur
564 1846 769 1881 diuturnae
788 1848 1077 1883 controversiae
1096 1854 1135 1884 et
1150 1848 1326 1895 opposita
1340 1847 1482 1894 studia,
1496 1859 1596 1895 quae
1614 1847 1654 1883 in
1667 1846 1763 1882 duas
1777 1846 1897 1894 potis-

262 1904 405 1940 simum
424 1910 552 1951 partes
571 1905 801 1941 scindebant
819 1911 948 1953 patres
966 1912 1005 1943 et
1023 1908 1225 1953 theologos
1243 1907 1489 1952 tridentinos3
1511 1919 1560 1943 ex
1578 1918 1652 1954 qua
1670 1905 1897 1957 opinionum

264 1962 493 1999 diversitate
512 1964 708 1999 oriebatur
726 1965 843 2000 etiam
862 1965 1069 2002 diversitas
1088 1972 1128 2002 et
1151 1967 1345 2014 oppositio
1359 1966 1613 2013 judiciorum,
1631 1977 1731 2013 quae
1754 1964 1803 2000 de
1821 1964 1899 2000 dis-

261 2022 539 2058 sertationibus
558 2022 797 2069 singulorum
820 2025 1000 2072 utrinque
1014 2025 1325 2072 proferebantur.
1344 2026 1408 2062 Nil
1427 2026 1545 2072 igitur
1560 2025 1697 2061 mirum
1712 2024 1745 2060 si
1759 2028 1896 2060 votum

262 2079 388 2116 Patris
407 2081 567 2126 Lainez,
587 2081 689 2129 quod
707 2094 729 2117 a
748 2084 879 2119 multis
897 2095 970 2120 ceu
989 2085 1175 2120 eximium
1193 2096 1290 2132 opus
1305 2085 1502 2121 laudatum
1521 2084 1610 2131 fuit,
1628 2084 1715 2120 aliis
1733 2083 1897 2119 fortasse

262 2139 389 2175 minus
407 2139 646 2176 satisfecisse
666 2141 792 2177 visum
811 2142 940 2179 fuerit.
961 2145 1046 2180 Hoc
1069 2149 1201 2180 autern
1223 2145 1365 2180 clarius
1383 2144 1532 2192 patebit
1556 2144 1589 2180 si
1613 2144 1652 2179 in
1670 2142 1896 2179 memoriam

259 2199 417 2234 lectoris
436 2199 501 2234 illa
518 2201 637 2235 verba
657 2201 821 2236 Paleotti
840 2203 1085 2248 reducamus,
1099 2204 1242 2251 quibus
1266 2209 1411 2240 statum
1436 2215 1480 2239 ac
1498 2203 1794 2250 dispositionem
1812 2201 1896 2238 ani-

263 2268 413 2292 morum
430 2257 477 2292 ad
499 2257 614 2293 finem
634 2264 712 2294 tam
731 2260 902 2306 prolixae
919 2261 1175 2298 discussionis
1193 2267 1281 2310 post
1298 2257 1432 2299 {totum
1450 2262 1576 2298 Patris
1595 2262 1738 2297 Lainez
1752 2260 1895 2297 descri-

266 2315 338 2361 bit3
357 2315 411 2352 ait
429 2317 546 2352 enim:
569 2318 666 2353 «Hic
683 2318 858 2354 dicendis
877 2321 1085 2357 sententiis
1108 2321 1212 2366 finis,
1238 2333 1338 2369 quae
1361 2333 1449 2357 cum
1473 2321 1643 2357 omnium
1667 2320 1749 2357 fere
1766 2331 1895 2366 aures,

263 2380 346 2410 tum
364 2375 601 2422 prolixitate,
621 2381 703 2412 tum
727 2378 806 2414 acri
829 2378 1111 2426 disceptatione
1129 2381 1345 2428 defatigata
1368 2381 1639 2428 reliquissent,
1658 2380 1788 2416 variae
1806 2380 1897 2415 sub-

261 2432 352 2468 inde
370 2434 466 2469 haec
482 2434 734 2482 dijudicandi,
753 2448 798 2472 ac
823 2442 970 2474 temere
988 2440 1063 2475 alia
1080 2445 1198 2488 atque
1216 2440 1291 2476 alia
1309 2440 1532 2487 suspicandi
1550 2439 1815 2487 compluribus
1833 2450 1896 2475 oc-

259 2492 457 2528 casionem
472 2495 781 2539 praebuerunt.»
797 2496 1003 2546 THEINER‚
1018 2500 1089 2535 loc.
1104 2500 1176 2536 cit.
1187 2529 1197 2547 ,
1212 2500 1266 2547 11,
1283 2500 1367 2535 610.
1384 2499 1447 2536 Cf.
1463 2500 1638 2545 GRISAR,
1646 2499 1789 2546 Jacobi
1804 2498 1896 2534 Lai-

260 2563 375 2587 nez...
404 2553 695 2599 disputationes
725 2555 989 2600 tridentinae,
1021 2559 1039 2593 I
1056 2587 1065 2605 ‚
1094 2559 1163 2604 72*
1178 2579 1223 2586 —
1236 2559 1305 2604 76*
1322 2569 1332 2604 ;
1363 2559 1637 2595 PALLAv1C1N1
1655 2587 1665 2606 ,
1695 2559 1771 2594 loc.
1808 2557 1893 2603 cit.‚

261 2609 330 2645 lib.
346 2610 451 2656 XIX,
471 2622 557 2658 cap.
575 2612 613 2658 6,
631 2624 674 2647 n.
697 2612 733 2657 63
760 2618 800 2648 et
824 2615 1179 2664 BRAUNSBERGER‚
1205 2619 1280 2654 loc.
1305 2617 1388 2664 cit.‚
1414 2618 1485 2663 III,
1503 2619 1587 2665 565,
1612 2618 1695 2663 566;
1721 2617 1895 2665 aliosque

261 2673 438 2705 auctores
457 2669 603 2706 ibidem
618 2672 808 2717 allegatos
818 2699 827 2708 .

333 2728 344 2748 ¹
395 2729 522 2774 Prius,
540 2730 576 2765 si
593 2733 818 2774 mostraua,·
834 2732 925 2768 dein
947 2736 1205 2772 cancellatum
1222 2738 1274 2773 si.

331 2790 345 2809 ²
396 2788 573 2834 «Legati,
591 2789 651 2824 his
669 2790 839 2836 acceptis
866 2792 936 2838 [sc.
961 2793 1112 2830 duobus
1136 2796 1350 2832 canonibus
1374 2808 1397 2832 a
1418 2795 1615 2832 cardinale
1638 2794 1892 2843 Lotharingio

260 2846 501 2893 compositis,
521 2859 640 2895 «quos
670 2860 719 2884 ex
737 2849 938 2897 utriusque
960 2852 1080 2899 partis
1097 2855 1293 2891 sententia
1315 2854 1467 2891 futuros
1494 2855 1664 2902 speratn]
1689 2859 1894 2891 accersunt

262 2904 394 2941 statim
412 2906 718 2954 Hydruntinum,
736 2908 1014 2958 Reginensem,
1032 2912 1354 2961 Lancianensem,
1372 2914 1588 2950 vestanum
1601 2943 1610 2961 ‚
1630 2913 1895 2950 Neocastren-

259 2974 358 3010 sem,
377 2964 535 3010 Lainez,
553 2965 787 3014 auditorem,
805 2968 1049 3015 advocatum,
1067 2978 1347 3019 promotorem,
1372 2973 1605 3021 illorumque
1632 2973 1682 3008 de
1706 2972 1767 3008 his
1787 2970 1893 3019 judi-

252 3022 360 3058 cium
379 3024 632 3070 exquirunt.»
651 3026 710 3061 Ex
729 3025 941 3063 PALEOTTI
958 3029 1071 3076 actis,
1090 3031 1191 3078 apud
1209 3032 1416 3078 THEINER,
1436 3034 1510 3069 loc.
1531 3032 1622 3077 cit.‚
1642 3032 1694 3079 ΙΙ,
1712 3031 1798 3067 611.

333 3081 348 3102 ³
397 3081 497 3117 Vide
515 3087 646 3119 tamen
662 3083 766 3120 dicta
784 3084 823 3121 in
841 3085 959 3132 epist.
984 3087 1067 3135 232,
1085 3094 1218 3126 annot.
1234 3089 1276 3126 3.
