2196 3522
519 740 787 786 SECUNDI
818 741 1164 785 VOLUMINIS
1195 741 1555 787 CONCLUSIO

304 911 439 962 Cum,
459 909 554 965 jam
575 891 793 965 evulgato
815 907 959 964 primo
981 907 1118 964 hujus
1136 907 1244 951 tomi
1262 907 1497 961 fasciculo,
1516 909 1736 952 nonnulla
1754 922 1851 952 mo-

213 1000 432 1038 numenta
453 994 623 1037 Romae
651 991 975 1044 invenerimus,
1000 991 1166 1047 quibus
1187 991 1363 1035 Natalis
1385 999 1515 1049 gesta
1537 991 1581 1034 in
1604 991 1851 1036 Germania

213 1077 300 1119 sub
325 1078 376 1119 Ρ.
403 1074 570 1119 Lainez
592 1066 771 1131 plenius
792 1073 1006 1117 illustrari
1027 1073 1275 1131 potuerint3
1299 1089 1392 1118 non
1414 1075 1496 1118 abs
1513 1090 1562 1119 re
1578 1068 1690 1127 ¹fore,
1715 1058 1852 1130 quin-

213 1158 351 1202 immo
373 1165 667 1215 rem-gratam
694 1156 990 1214 scriptoribus
1011 1155 1225 1200 historiae
1245 1157 1543 1213 praestituros
1563 1157 1792 1210 duximus,
1813 1156 1850 1200 si

215 1256 375 1298 pauca,
400 1242 458 1286 ad
484 1242 668 1285 modum
697 1240 923 1284 coronidis
950 1241 1088 1297 hujus
1116 1240 1376 1294 voluminis,
1408 1241 1481 1284 hic
1509 1248 1846 1293 annotaremus,

212 1324 395 1384 quibus,
420 1325 649 1382 praedicta
676 1334 971 1370 monumenta
998 1324 1146 1382 digito
1173 1325 1509 1380 quodammodo
1537 1324 1695 1368 lectori
1723 1338 1849 1368 com-

212 1414 530 1461 monstrantes,
554 1408 630 1451 illa
651 1407 836 1452 minime
856 1407 975 1452 inter
1002 1407 1294 1465 epistolarum
1322 1407 1660 1452 multitudinem
1687 1406 1849 1452 delite-

211 1504 338 1534 scere
359 1498 632 1547 pateremur,
657 1492 738 1535 sed
753 1491 880 1548 justo
901 1491 1046 1548 pretio
1067 1506 1175 1548 prae
1197 1491 1296 1535 aliis
1316 1506 1408 1534 non
1431 1491 1589 1548 paucis
1620 1490 1847 1534 aestimari

211 1587 484 1618 curaremus.
503 1574 730 1630 Quoniam
747 1582 899 1618 autem
916 1574 1075 1619 intima
1090 1575 1314 1620 connexio
1330 1575 1447 1619 inter
1463 1574 1647 1631 scripta,
1669 1574 1727 1618 de
1744 1573 1846 1643 qui7

186 1690 189 1693 .
212 1657 297 1699 bus
318 1656 559 1702 dicendum
587 1657 719 1702 nobis
745 1666 831 1715 est,
855 1665 902 1701 et
929 1659 1081 1715 plures
1107 1658 1218 1703 alias
1244 1659 1383 1715 hujus
1410 1657 1653 1701 voluminis
1673 1657 1847 1702 litteras

210 1739 465 1794 intercedit,
505 1741 561 1784 de
588 1740 675 1784 illis
702 1741 836 1786 etiam
865 1741 1015 1798 aliqua
1042 1742 1403 1787 animadvertere
1431 1741 1628 1798 juvabit,
1661 1755 1778 1797 quae
1798 1740 1844 1783 in

213 1823 456 1878 prooemi0,
482 1824 587 1880 quia
607 1827 721 1869 haec
742 1839 859 1870 nova
880 1827 1154 1871 documenta
1174 1825 1333 1883 ignota
1354 1825 1484 1869 nobis
1505 1832 1650 1877 erant,
1676 1824 1845 1881 primo-

213 1906 336 1951 ribus
359 1915 534 1952 tantum
556 1908 694 1952 labris
716 1909 942 1967 attingere
962 1909 1212 1967 potuimus.

299 1991 452 2034 Primo
473 1991 613 2048 igitur
630 2007 698 2045 ea,
724 1992 903 2049 quaein
921 1993 1199 2049 praefatione
1215 2000 1387 2045 nostra,
1407 1991 1575 2049 pagina
1592 2007 1639 2044 x,
1660 1992 1717 2035 de
1733 2005 1843 2048 apo-

206 2074 365 2118 stolico
406 2074 568 2118 nuntio
614 2075 834 2119 Zacharia
880 2076 1063 2119 Dolfino
1104 2076 1301 2120 diximus
1317 2110 1326 2128 ,
1375 2076 1630 2132 «praeclare
1671 2074 1844 2119 scilicet

206 2158 331 2200 illum
351 2173 433 2214 pro
456 2159 625 2202 tuenda
646 2167 831 2204 sanctae
858 2160 979 2204 sedis
1000 2159 1270 2204 auctoritate
1290 2160 1546 2203 decertasse
1559 2193 1569 2210 ,
1604 2158 1843 2214 Patrisque

206 2241 379 2285 Natalis
396 2256 532 2305 opera
555 2256 687 2285 usum
710 2242 867 2297 fuisse,
894 2250 944 2287 ut
960 2242 1115 2287 solidis
1137 2243 1420 2300 argumentis
1441 2257 1669 2286 summurn
1692 2240 1843 2298 ponti-

206 2326 337 2368 ficem
360 2324 626 2370 universalis
647 2325 867 2370 ecclesiae
886 2333 1114 2382 pastorem
1135 2341 1251 2379 esse,
1272 2341 1353 2383 pro
1370 2339 1691 2383 germanorum
1709 2324 1839 2367 dissi—

206 2407 410 2452 dentium
447 2408 759 2453 confutatione
793 2408 1109 2453 evinceretur»
1126 2444 1136 2464 ,
1166 2409 1364 2453 dilucide
1391 2409 1656 2452 confirmata
1687 2407 1842 2450 videre

208 2490 369 2546 poterit
390 2490 630 2536 historicae
652 2491 854 2536 veritatis
880 2492 1112 2536 studiosus
1132 2492 1180 2536 in
1201 2492 1418 2550 epistolis,
1444 2506 1558 2547 quas
1580 2490 1624 2533 in
1649 2497 1841 2533 annota-

204 2572 404 2616 tionibus
425 2573 482 2615 ad
503 2572 696 2630 paginas
713 2574 798 2617 218
821 2580 867 2618 et
889 2586 992 2632 219,
1012 2590 1069 2619 ex
1090 2575 1348 2632 archetypis
1370 2575 1416 2617 in
1438 2572 1671 2617 tabulariis
1693 2587 1840 2617 reser-

204 2655 321 2699 vatis
343 2656 575 2700 Vaticanis
598 2643 883 2701 exstantibus
904 2672 1050 2714 nuper
1069 2659 1374 2716 depromptas,
1399 2657 1639 2701 edidimus.

291 2741 452 2795 Neque
474 2740 710 2783 dumtaxat
731 2754 800 2794 ea,
826 2755 944 2796 quae
970 2741 1018 2784 in
1038 2741 1268 2798 prooemio
1290 2744 1376 2785 hac
1398 2743 1455 2786 de
1477 2756 1525 2785 re
1547 2739 1793 2796 praelibata
1815 2755 1840 2783 a

201 2822 332 2866 nobis
354 2823 548 2875 fuerant,
573 2822 699 2866 hisce
720 2822 882 2868 litt‘eris
903 2824 1246 2879 confirmantur,
1266 2826 1348 2869 sed
1363 2824 1449 2867 alia
1462 2823 1665 2879 insuper,
1686 2829 1731 2867 et
1748 2823 1838 2868 So—

199 2905 368 2958 cietati,
399 2912 445 2949 et
475 2905 599 2949 Patri
629 2907 776 2950 Nadal
803 2906 1135 2962 perhonorifica
1162 2908 1437 2952 revelantur.
1471 2908 1528 2950 Et
1556 2905 1702 2962 primo
1735 2906 1836 2962 qui-

199 2989 303 3032 dem
325 2987 421 3045 ipse
442 2988 647 3037 nuntius,
673 2989 730 3032 ad
751 2988 930 3032 concilii
952 2988 1184 3034 tridentini
1204 2990 1433 3047 praesides
1450 2989 1654 3033 scribens
1669 2990 1726 3032 de
1747 2989 1837 3032 dif-

188 3062 481 3115 ficultatibus
503 3071 560 3114 ab
582 3070 679 3127 ipso
700 3071 969 3128 superandis
989 3086 1072 3129 pro
1092 3072 1212 3116 felici
1239 3072 1364 3117 exitu
1385 3078 1638 3116 conventus
1660 3072 1836 3116 theolo—
