2196 3522
871 220 917 259 25
944 211 1164 250 Ocromus
1192 211 1284 259 1563
1824 219 1895 257 4²7

257 329 364 359 cosa
390 317 418 358 ¹:
442 329 492 359 se
511 313 543 358 li
565 315 591 358 e
611 313 769 358 scritto
797 315 883 359 che
910 328 960 358 se
987 328 1247 359 occorresse
1269 328 1332 357 un
1353 328 1460 358 caso
1491 312 1651 366 simile,
1683 313 1895 357 massime

256 392 314 437 de
333 405 526 449 persona
547 391 605 436 de
627 390 758 435 fuora
777 391 896 435 della
923 390 1224 447 Compagnia,
1248 406 1298 436 se
1328 390 1564 448 potessino
1585 391 1698 434 farlo
1720 390 1894 436 seruire

257 483 336 527 per
357 483 550 526 persona
570 467 616 511 di
639 468 786 522 fuora,
811 468 1082 525 pagandola,
1102 468 1146 511 lo
1164 467 1356 522 saccino,
1375 475 1421 512 et
1443 470 1527 512 che
1549 467 1684 512 habia
1705 482 1815 512 cura
1836 469 1894 513 de

259 546 486 604 guardare
506 545 537 588 li
558 544 676 598 suoi,
702 551 748 589 et
769 560 862 589 non
884 551 1072 589 mettere
1094 544 1141 588 in
1169 545 1373 602 periculo
1402 559 1452 589 se
1474 552 1636 598 stesso,
1661 552 1834 601 quanto
1856 545 1894 589 si

258 625 404 681 potra.
437 625 560 667 Loro
591 622 630 666 si
651 637 934 679 preparanno
956 623 971 643 ²
996 637 1076 679 per
1096 622 1140 665 13
1177 622 1474 667 renouatione
1506 621 1612 665 delli
1640 621 1795 675 studii,
1820 637 1895 666 ma

258 702 317 745 V.
342 702 397 744 R.
423 699 647 744 consideri
665 714 730 752 se,
750 700 960 744 andando
975 698 1159 742 innanzi
1175 699 1217 743 la
1233 706 1360 756 peste
1382 699 1428 742 in
1452 699 1645 753 Vienna,
1666 699 1703 742 si
1724 700 1894 744 douera

257 778 493 823 attendere
513 792 601 820 con
624 783 786 833 troppo
808 777 987 822 feruore
1009 777 1094 820 alle
1115 777 1286 829 schole,
1310 791 1338 820 o
1361 791 1411 820 se
1431 776 1674 833 bisognera
1704 791 1893 833 pensare

256 854 303 899 in
324 855 546 898 rimouere
569 855 628 899 de
651 853 828 898 Vienna
854 868 970 911 gran
998 860 1125 910 parte
1153 853 1258 898 delli
1286 853 1443 897 nostri.
1477 855 1582 898 Non
1613 853 1892 899 intendiamo

256 934 364 990 pero
386 934 471 976 che
493 932 612 975 nella
632 931 742 974 citta
762 930 800 974 si
822 930 1022 975 aumenti
1043 931 1087 974 la
1108 937 1246 987 peste.

347 1021 389 1064 7.
455 1011 507 1052 L’
533 1008 661 1052 auiso
681 1009 767 1052 che
783 1009 840 1051 da
863 1009 920 1052 V.
947 1009 1001 1051 R.
1021 1007 1079 1052 de
1095 1015 1367 1064 ayutarsene
1383 1009 1457 1053 del
1473 1010 1531 1052 D.
1560 1009 1678 1052 Paez
1697 1022 1775 1064 per
1790 1009 1892 1066 leg-

258 1102 368 1144 gere
389 1087 432 1131 le
452 1085 761 1130 controuersie
783 1085 829 1128 in
854 1084 1006 1142 Parigi
1028 1100 1120 1128 non
1134 1076 1167 1129 ‘e
1190 1099 1333 1129 senon
1354 1086 1590 1130 conforme
1619 1101 1645 1129 a
1673 1086 1779 1141 quel
1807 1087 1893 1130 che

258 1164 296 1208 si
332 1165 358 1208 e
395 1170 583 1220 pensato
619 1177 752 1220 sopra
789 1162 835 1206 di
871 1162 950 1216 lui,
982 1162 1118 1220 dopoi
1145 1165 1229 1206 che
1256 1162 1445 1207 lasciara
1473 1164 1562 1207 ben
1590 1163 1831 1207 informato
1862 1163 1892 1205 il

259 1244 313 1286 P.
354 1240 558 1285 Dionisio
586 1241 602 1262 ³
639 1255 726 1284 con
755 1241 870 1284 altro
895 1242 1193 1298 portughese,
1233 1242 1379 1284 anche
1415 1240 1712 1297 predicatore,
1743 1236 1893 1285 chesi

257 1325 552 1375 aspettauano
573 1317 620 1361 in
644 1319 854 1362 Anuersa
876 1318 963 1361 alla
980 1317 1205 1374 giornata3
1227 1331 1337 1361 uero
1359 1319 1384 1361 e
1401 1319 1500 1370 che,
1523 1332 1572 1361 se
1594 1317 1640 1361 in
1665 1317 1820 1374 Parigi
1843 1333 1892 1363 se

256 1397 467 1453 reputara
488 1395 667 1439 bastino
688 1395 730 1439 le
752 1394 935 1440 lectioni
957 1395 1030 1439 del
1052 1394 1143 1440 M.⁰
1166 1394 1439 1440 Maldonado
1461 1402 1507 1439 et
1527 1396 1601 1438 del
1623 1397 1670 1439 M
1677 1397 1713 1438 ,⁰
1736 1396 1891 1440 Vane-

256 1487 356 1530 gas,
396 1474 526 1529 potra
553 1485 704 1516 essere
731 1473 817 1515 che
844 1471 874 1514 il
903 1473 961 1515 D.
995 1473 1115 1516 Paez
1144 1472 1181 1516 si
1213 1472 1363 1516 mandi
1402 1472 1448 1515 in
1477 1473 1641 1516 Tolosa
1675 1467 1755 1529 per
1787 1473 1892 1528 quel

256 1550 413 1593 effetto
435 1549 707 1594 medessimo
723 1550 808 1593 che
825 1550 882 1593 V.
906 1550 959 1592 R.
987 1549 1136 1594 scriue
1159 1564 1187 1593 o
1209 1564 1316 1593 cosa
1337 1549 1497 1594 simile.

348 1627 390 1670 8.
457 1626 506 1671 Si
527 1627 553 1670 e
575 1625 781 1670 riceuuto
803 1640 863 1669 un
888 1626 1045 1670 scritto
1061 1626 1134 1670 del
1154 1628 1206 1670 P.
1227 1626 1411 1670 Canisio
1427 1627 1500 1671 del
1517 1634 1634 1670 stato
1651 1628 1770 1672 delle
1785 1640 1892 1672 cose

259 1705 317 1747 de
353 1702 554 1760 Dilinga,
588 1703 663 1748 nel
700 1704 805 1759 qual
843 1711 969 1747 tocca
999 1702 1122 1747 molti
1154 1703 1283 1760 punti
1310 1704 1450 1761 degni
1477 1704 1534 1748 de
1565 1703 1891 1749 consideratio—

260 1796 335 1835 ne;
360 1795 433 1824 ma
453 1781 512 1824 N.
541 1782 592 1824 P.
618 1780 846 1837 preposito
869 1782 926 1824 ha
953 1780 1186 1838 giudicato
1209 1795 1298 1824 non
1321 1782 1463 1825 douer
1487 1783 1553 1825 far
1581 1781 1789 1838 risposta‚
1819 1780 1891 1826 in-

195 1918 199 1922 .
261 1858 361 1903 sino
383 1873 409 1901 a
437 1865 563 1901 tanto
591 1858 677 1902 che
704 1858 761 1902 V.
795 1859 849 1901 R.
883 1858 998 1903 ueda
1025 1858 1067 1903 le
1094 1872 1200 1902 cose
1227 1858 1272 1901 di
1299 1858 1358 1911 la,
1390 1865 1436 1903 et
1462 1858 1559 1902 selli
1588 1858 1893 1903 mandarebbe

262 1942 424 1992 questo
460 1934 634 1989 scritto,
673 1949 722 1978 se
758 1949 850 1978 non
885 1934 923 1978 si
962 1935 1122 1980 facessi
1153 1945 1290 1979 conto
1317 1937 1402 1979 che
1429 1938 1530 1980 sara
1566 1936 1807 1979 informato
1835 1937 1893 1982 de

261 2013 418 2070 parola
438 2011 571 2069 peril
598 2012 846 2056 medesimo
868 2014 922 2056 P.
955 2012 1155 2057 Canisio.
1187 2013 1248 2058 Se
1276 2012 1447 2057 riserua
1468 2015 1683 2069 adunque
1710 2028 1737 2057 a
1762 2013 1833 2056 dir
1863 2014 1893 2056 il

260 2104 347 2134 suo
369 2103 527 2146 parere
549 2091 608 2133 N.
636 2091 690 2134 P.
715 2089 862 2132 insino
883 2090 1052 2133 alhora:
1079 2091 1168 2134 ben
1196 2090 1226 2132 li
1255 2104 1361 2146 pare
1387 2092 1472 2134 che
1501 2090 1539 2134 si
1566 2090 1699 2134 debia
1729 2105 1891 2147 proce-

259 2168 367 2212 dere
404 2173 700 2211 suauemente
729 2181 808 2222 per
838 2167 1014 2219 adesso,
1045 2168 1257 2212 hauendo
1285 2181 1371 2223 pur
1397 2168 1426 2210 l'
1460 2167 1608 2220 ochio,
1649 2175 1819 2223 quanto
1855 2167 1893 2211 si

258 2246 405 2301 potra,
430 2259 456 2287 a
476 2244 602 2288 leuar
624 2245 667 2288 le
687 2243 876 2287 misture
897 2243 953 2287 de
975 2243 1164 2288 secolari
1186 2258 1272 2288 con
1295 2243 1325 2286 li
1347 2245 1505 2297 nostri,
1531 2252 1577 2290 et
1595 2246 1638 2290 le
1660 2259 1764 2290 cose
1786 2259 1893 2302 pro-

260 2334 409 2364 messe
429 2336 509 2377 per
530 2320 561 2363 il
582 2320 809 2365 cardinale
830 2335 909 2377 per
931 2319 963 2362 il
984 2335 1118 2365 meno
1137 2321 1168 2365 li
1189 2336 1295 2377 pare
1316 2322 1511 2367 debiano
1527 2321 1799 2366 obseruarsi.

351 2413 395 2455 9.
459 2398 688 2441 Andando
710 2397 740 2455 il
761 2411 959 2441 vescouo
972 2397 1019 2440 di
1037 2398 1313 2442 Montalcino
1330 2399 1403 2443 dal
1419 2399 1635 2451 cardinal,
1656 2414 1705 2443 se
1721 2399 1752 2441 li
1768 2399 1892 2442 dette

262 2474 309 2517 in
330 2475 545 2520 memoria
566 2475 597 2518 il
617 2476 864 2519 domandar
886 2474 1072 2532 prestati
1093 2474 1122 2517 li
1144 2474 1246 2519 libri
1267 2477 1353 2520 che
1374 2475 1494 2521 tiene
1522 2476 1567 2519 in
1596 2475 1888 2532 Ingolstadio,

262 2560 309 2596 et
336 2551 377 2595 ci
404 2554 463 2596 ha
490 2553 604 2596 fatto
632 2552 893 2609 rispondere
920 2554 1005 2596 che
1033 2552 1071 2596 si
1098 2551 1172 2595 dia
1200 2567 1290 2597 una
1316 2553 1419 2597 lista
1455 2554 1560 2598 delli
1592 2553 1692 2596 libri
1725 2567 1891 2597 conue-

262 2628 404 2673 nienti
439 2643 519 2685 per
555 2628 587 2672 il
614 2629 808 2686 collegio
834 2636 1006 2683 nostro,
1036 2636 1082 2673 et
1109 2631 1195 2673 che
1222 2630 1358 2686 quelli
1386 2645 1435 2674 se
1462 2630 1745 2688 pigliaranno
1773 2621 1891 2674 della

259 2707 386 2750 detta
413 2706 607 2759 libraria,
637 2721 666 2750 o
692 2707 750 2751 de
777 2707 891 2750 altra
918 2707 1082 2759 banda,
1114 2720 1141 2749 o
1167 2706 1205 2750 si
1232 2721 1574 2765 compraranno.
1616 2709 1722 2750 Non
1761 2721 1812 2749 so
1848 2707 1891 2749 13

335 2851 343 2871 ¹
395 2849 496 2885 Vide
513 2849 633 2896 epist.
657 2849 742 2894 323,
761 2862 799 2888 n.
818 2849 854 2895 33
874 2855 914 2888 et
931 2849 1015 2886 326.

328 2911 343 2931 ²
393 2909 472 2946 Ms.
493 2921 628 2944 aanno
641 2912 922 2957 preparanno:
940 2922 986 2947 eo
1005 2910 1107 2957 quod
1125 2909 1305 2946 librarius
1324 2910 1470 2950 oblitus
1489 2910 1544 2945 fui
1562 2908 1718 2945 delendi
1736 2920 1890 2955 nanno,

258 2978 336 3015 quo
351 2967 458 3015 prius
475 2967 674 3015 inceperat
691 2969 860 3015 phrasim
874 2970 1011 3006 hanno
1023 2972 1246 3019 preparato
1263 2975 1345 3006 etc.

333 3028 348 3048 ³
397 3027 446 3063 P.
469 3026 682 3074 Dionysius
697 3028 896 3076 Vazquez.
