2196 3522
899 308 947 346 29
972 299 1084 347 Jmm
1114 299 1206 347 1563
1802 303 1872 352 317

329 415 370 458 3.
434 402 506 448 De
526 400 759 459 Hispruch
780 401 945 446 dicono
967 409 1095 448 tener
1115 402 1274 448 ordine
1295 403 1342 448 di
1363 405 1420 449 V.
1454 406 1509 449 R.
1545 405 1602 450 de
1631 393 1877 452 cominciar

239 494 331 523 una
350 479 537 524 lettione
557 480 615 523 de
635 479 844 524 dialetica
870 486 1032 536 questo
1054 495 1174 524 anno
1201 482 1286 525 che
1315 481 1463 527 uiene.
1496 483 1530 526 Il
1557 483 1702 528 simile
1730 487 1876 530 anche

239 556 403 600 dicono
423 557 470 600 di
491 557 744 614 Maguntia.
770 558 806 601 F
810 572 911 601 orsa
932 559 1018 602 che
1039 557 1230 602 Colonia
1259 560 1477 615 potrebbe
1504 561 1585 604 dar
1612 562 1767 606 mastri
1795 577 1875 619 per

240 634 372 678 simili
394 634 584 687 lettioni‚
610 633 861 678 hauendosi
882 650 909 678 a
930 635 1216 679 cominciare:
1236 637 1403 680 uedera
1421 651 1506 693 pur
1523 639 1580 682 V.
1602 640 1655 682 R.
1676 639 1719 683 la
1736 647 1875 697 gente

239 715 324 756 che
345 712 383 756 si
404 715 532 770 potra
554 713 768 758 mandare
789 712 834 756 di
857 715 1014 766 Roma,
1038 719 1085 756 et
1105 712 1151 756 di
1173 714 1322 769 quella
1338 713 1543 771 disporra
1560 730 1688 760 come
1706 717 1874 775 meglio

239 790 270 834 li
291 793 448 848 parera
466 791 515 833 in
530 791 743 844 Domino,
761 790 1033 847 considerati
1045 789 1078 833 ·li
1095 789 1276 847 bisogni
1298 792 1454 835 d’.una
1471 800 1598 849 parte
1615 800 1661 837 et
1678 795 1722 837 d’
1742 795 1871 838 altra:

238 874 285 911 et
305 867 343 911 si
365 867 577 912 auanzasi
602 883 662 912 un
684 855 965 924 predicatore
986 882 1073 912 con
1094 871 1156 911 un
1180 869 1295 912 altro
1315 869 1439 913 buon
1461 877 1680 928 suggetto
1698 886 1777 928 per
1795 885 1874 916 co-

238 944 425 989 minciar
445 946 615 1002 l’opera
636 946 692 990 de
715 944 954 1002 Herbipoli
976 944 1022 1003 (il
1043 947 1129 989 che
1150 947 1250 989 sara
1274 946 1393 990 forsa
1415 947 1563 1002 facile,
1587 963 1679 992 non
1702 948 1739 992 si
1763 956 1873 993 trat—

237 1023 379 1066 tando
402 1023 459 1068 de
482 1021 768 1075 Vratislauia,
794 1037 852 1067 ne
872 1022 930 1066 de
957 1023 994 1066 F
996 1022 1185 1080 riburgo
1214 1038 1294 1080 per
1323 1024 1502 1081 adesso)
1535 1026 1700 1070 uedera
1730 1028 1875 1071 anche

239 1095 304 1144 V.'
324 1101 378 1143 R.
403 1115 453 1146 se
474 1102 575 1144 sara
595 1099 748 1143 buono
775 1099 967 1144 sodisfar
994 1100 1081 1145 alla
1108 1115 1318 1157 promesa
1347 1101 1458 1145 satta
1480 1103 1551 1146 all'
1582 1103 1863 1160 herbipolen-

239 1192 288 1221 se
314 1179 343 1230 ¹,
369 1184 414 1222 et
441 1177 577 1233 quelli
606 1179 690 1222 che
719 1177 979 1221 andaranno
1009 1178 1196 1222 faranno
1223 1186 1414 1224 mettere
1442 1179 1487 1222 in
1515 1179 1673 1225 ordine
1700 1181 1742 1225 16
1770 1195 1876 1226 cose
1912 1179 1919 1186 ’

239 1270 320 1312 per
348 1255 391 1299 le
421 1255 575 1299 schole
602 1257 686 1298 che
715 1256 997 1312 potrebbono
1024 1255 1307 1300 cominciarsi
1330 1258 1360 1299 l'
1384 1272 1504 1301 anno
1526 1259 1612 1303 che
1649 1258 1801 1313 uiene‚
1830 1266 1875 1304 et

240 1331 399 1389 poiche
421 1332 452 1375 il
472 1333 623 1377 dottor
644 1333 814 1390 Zeydel
842 1333 857 1354 ²
888 1348 978 1377 non
1007 1333 1175 1378 sodisfa
1204 1340 1334 1391 tropo
1358 1335 1431 1379 nel
1461 1350 1546 1379 suo
1574 1335 1806 1393 predicare
1829 1336 1875 1389 in

240 1409 433 1464 Vienna,
466 1411 586 1454 forsa
616 1409 836 1455 sodisfara
862 1410 909 1454 in
938 1411 1190 1468 Herbipoli‚
1215 1411 1292 1469 gia
1312 1414 1398 1458 che
1426 1412 1473 1456 in
1503 1413 1745 1458 Monachio
1766 1414 1809 1458 lo
1833 1414 1875 1458 fa

181 1506 184 1510 ⁴
237 1488 354 1532 bene
392 1489 498 1532 Μ.ῐο
527 1487 732 1545 Georgio
762 1487 1027 1534 Schorichio
1055 1489 1088 1542 ³,
1120 1495 1166 1532 et
1188 1503 1279 1533 uno
1299 1476 1412 1535 'delli
1440 1491 1606 1535 dottori
1635 1491 1692 1535 de
1720 1492 1874 1549 Ingol-

237 1565 384 1610 stadio
421 1565 455 1619 ⁴,
486 1580 535 1610 se
562 1565 601 1610 si
621 1565 863 1611 hauessino
892 1581 918 1610 a
943 1573 1136 1622 mutare,
1163 1567 1281 1611 forsa
1311 1569 1530 1625 potrebbe
1558 1570 1697 1614 andar
1728 1570 1874 1613 anche

237 1643 296 1698 la,
320 1644 486 1700 perche
509 1643 614 1687 tutti
631 1643 738 1687 duoi
754 1645 907 1687 hanno
923 1650 1140 1688 mostrato
1157 1644 1381 1690 desiderio
1397 1645 1443 1689 di
1460 1654 1622 1703 questa
1639 1646 1868 1700 missione;

237 1735 324 1778 pur
345 1727 508 1776 questo
529 1720 596 1765 sia
616 1722 865 1766 solamente
887 1729 1211 1779 rapresentare.
1239 1724 1296 1767 V.
1323 1724 1376 1768 R.
1404 1724 1461 1768 de
1478 1739 1636 1781 apreso
1652 1725 1697 1768 lo
1720 1724 1872 1768 consi-

238 1798 412 1852 derare,
436 1805 481 1842 et
503 1799 670 1843 uedera
690 1813 739 1843 se
760 1799 971 1844 hauendo
994 1799 1196 1857 prouisto
1218 1801 1310 1857 agl’
1329 1800 1431 1844 altri
1446 1801 1627 1858 bisogni
1646 1801 1872 1859 obligato-

239 1876 308 1930 rii,
333 1878 557 1920 auanzara
578 1883 717 1934 gente
738 1891 819 1934 per
839 1876 920 1920 dar
947 1876 1166 1934 principio
1188 1877 1231 1922 al
1252 1877 1445 1936 collegio
1463 1879 1521 1924 de
1543 1878 1797 1936 Herbipoli.

327 1967 371 2010 4.
436 1955 498 2000 Se
518 1954 550 1997 il
573 1956 653 1999 P.e
685 1953 879 1999 Martino
902 1956 917 1977 ³
939 1954 978 1998 si
1000 1954 1248 1999 consolassi
1270 1954 1315 1998 in
1340 1955 1406 1999 far
1433 1955 1620 2000 l’ufficio
1648 1955 1694 1999 di
1721 1956 1873 2014 predi-
1950 1982 1953 1986 ·

238 2038 391 2078 catore
411 2031 458 2075 in
481 2031 673 2086 Vienna,
699 2031 880 2076 dandoli
902 2031 1036 2077 etiam
1059 2032 1253 2088 qualche
1279 2032 1714 2091 superintendentia‚
1746 2048 1874 2078 come

239 2110 431 2154 sarebbe
446 2109 563 2152 della
580 2123 685 2153 casa
701 2109 759 2152 de
773 2108 930 2166 poueri
946 2123 974 2153 o
990 2109 1251 2163 conuittori‚
1271 2110 1446 2155 benche
1463 2125 1526 2154 un
1547 2112 1661 2155 altro
1682 2112 1874 2156 durasse

238 2187 282 2231 la
302 2187 520 2244 principal
542 2185 692 2241 fatica,
717 2201 824 2243 pare
845 2187 1035 2232 sarebbe
1052 2201 1158 2231 cosa
1174 2189 1260 2232 che
1281 2203 1308 2232 a
1330 2187 1436 2231 tutti
1457 2189 1655 2234 darebbe
1671 2188 1873 2233 satisfat-

240 2264 375 2309 tione.
403 2267 479 2310 Ma
500 2265 557 2308 V.
584 2265 637 2308 R.
663 2263 948 2308 considerata
969 2266 1115 2309 anche
1135 2271 1312 2320 questo,
1333 2271 1379 2310 et
1394 2265 1490 2309 fara
1505 2265 1576 2309 cio
1597 2267 1683 2310 che
1703 2265 1873 2323 meglio

238 2341 270 2384 li
292 2344 465 2399 patera.
490 2343 622 2398 Dopo
644 2341 794 2397 quello
810 2342 894 2385 che
910 2340 949 2385 si
969 2342 994 2385 6
1017 2341 1190 2395 scritto,
1210 2343 1270 2386 ho
1288 2349 1467 2387 tornato
1484 2358 1510 2387 a
1526 2343 1674 2400 parlar
1691 2359 1718 2387 a
1733 2344 1791 2387 N.
1815 2345 1866 2387 P.

240 2433 372 2476 sopra
391 2420 434 2463 la
455 2419 589 2463 fretta
609 2420 694 2464 che
715 2419 774 2462 da
794 2418 825 2462 il
848 2421 929 2464 Re
955 2419 1139 2463 Canisio
1161 2419 1248 2463 alla
1269 2427 1440 2464 uenuta
1461 2419 1508 2463 di
1530 2421 1588 2464 V.
1615 2422 1669 2464 R.
1691 2420 1736 2464 in
1762 2421 1870 2464 His-

241 2498 400 2553 pruch,
424 2503 470 2542 et
490 2496 522 2540 li
543 2511 651 2554 pare
672 2498 757 2541 che
778 2511 870 2540 non
892 2495 929 2540 si
951 2496 1160 2540 affatiche
1182 2498 1240 2541 V.
1266 2498 1341 2550 R.,
1366 2512 1440 2541 ma
1467 2499 1551 2542 che
1584 2497 1726 2541 faccia
1755 2499 1870 2541 bene

241 2580 287 2619 et
307 2588 398 2618 con
418 2587 501 2617 sua
522 2566 793 2618 commodita
812 2574 854 2619 le
876 2588 980 2619 cose
1002 2576 1086 2618 che
1107 2575 1166 2618 ha
1186 2574 1244 2618 da
1272 2574 1381 2628 fare,
1406 2581 1452 2619 et
1475 2575 1596 2619 forse
1617 2574 1663 2618 di
1691 2574 1870 2619 Vienna

240 2652 341 2695 sara
362 2650 527 2708 meglio
549 2651 688 2696 andar
710 2666 735 2695 a
763 2651 956 2696 Bauaria
976 2652 1134 2709 prima,
1159 2654 1209 2697 et'
1226 2651 1361 2710 dopoi
1382 2651 1541 2698 uenire
1562 2666 1589 2696 a
1617 2639 1864 2709 Hispruch,

312 2836 322 2855 ¹
374 2831 474 2868 Vide
491 2831 610 2879 epist.
634 2841 718 2880 215,
736 2845 779 2870 n.
805 2842 840 2877 23
861 2840 946 2879 220,
964 2843 1005 2880 n.
1031 2831 1067 2876 33
1087 2837 1126 2867 et
1145 2831 1229 2877 265,
1248 2843 1291 2867 n.
1314 2829 1354 2867 3.

307 2893 322 2915 ²
371 2892 542 2938 Joannes
556 2891 759 2936 Seidel,de
771 2903 848 2942 quo
862 2891 952 2926 vide
966 2902 1095 2938 supra,
1106 2889 1290 2938 pag.232‚
1306 2896 1437 2927 annot.
1452 2890 1489 2936 63
1500 2896 1539 2926 et
1554 2890 1668 2937 epist.
1678 2898 1810 2937 277,n.
1826 2889 1862 2927 3.

309 2953 323 2973 ⁵
373 2951 473 2987 Vide
487 2950 571 2998 ejus
585 2962 750 2987 examen
763 2951 804 2987 in
817 2950 999 2998 append.‚
1014 2951 1047 2996 13
1062 2961 1151 2997 pag.
1171 2948 1254 2994 233,
1272 2956 1402 2987 annot.
1423 2959 1456 2995 13
1476 2955 1516 2986 et
1530 2950 1645 2997 epist.
1665 2958 1748 2995 277,
1767 2961 1806 2985 n.
1826 2949 1861 2986 3.

307 3011 323 3032 ⁴
370 3011 507 3047 Sermo
537 3015 598 3046 est
633 3010 682 3046 de
716 3011 793 3046 ΡΡ.
830 3011 1031 3058 Alphonso
1060 3010 1202 3046 Pisano
1232 3015 1271 3046 et
1305 3009 1510 3046 Theodoro
1544 3010 1724 3046 Peltan0.
1764 3009 1864 3047 Vide

239 3071 357 3119 epist.
382 3071 469 3117 265,
485 3082 527 3106 n.
552 3081 588 3117 9.

311 3133 326 3154 ⁵
374 3129 668 3167 Stevordianus.
688 3130 788 3167 Vide
806 3130 924 3178 epist.
950 3131 1033 3178 261,
1051 3143 1094 3167 n.
1118 3139 1153 3175 23
1174 3135 1214 3166 et
1231 3137 1315 3177 277,
1332 3141 1371 3166 n.
1390 3125 1427 3165 3.

381 3195 499 3226 Emsr.
522 3196 562 3225 P.
581 3195 716 3231 NAnAx..
735 3203 812 3226 rou.
831 3195 875 3226 11.
1686 3195 1723 3224 22
