2196 3522
1011 313 1103 359 1558
1830 320 1879 358 59

235 417 490 470 Bobadilla,
516 416 629 460 nihil
649 416 696 459 in
720 415 952 468 Pontium,
977 414 1090 458 nihil
1110 414 1158 458 in
1180 413 1292 458 alios
1319 414 1480 459 statuit
1507 413 1720 471 grauius,
1747 414 1877 471 quasi
1933 436 1943 447 ·

232 494 387 539 omnia
422 495 561 540 vellet
596 493 882 551 benignitate
905 491 1056 550 potius
1085 499 1131 536 et
1158 491 1379 536 charitate
1426 491 1626 545 tractari,
1666 497 1713 537 et
1754 492 1878 536 bono

235 572 387 630 magis
409 586 545 628 quam
569 572 688 615 malo
710 570 816 614 duci
838 576 1101 613 nostrorum
1123 568 1298 612 animos
1323 569 1353 612 ¹.

328 650 486 710 Quum
508 648 671 693 seditio
688 650 800 692 haec
817 648 1014 692 ferueret
1029 646 1209 700 acriter,
1229 661 1285 691 ex
1306 645 1372 689 rei
1399 645 1673 703 indignitate
1693 661 1879 704 permo—

236 734 314 771 tus
338 728 391 770 P.
417 725 595 770 Natalis
616 725 828 768 inuectus
849 724 895 767 in
919 723 1200 767 Bobadillam
1223 730 1271 767 et
1298 723 1645 779 subscriptores:
1681 724 1773 779 «Si,
1806 724 1879 768 in-

234 803 352 860 quit,
373 803 570 847 vicarius
587 817 680 846 non
701 809 771 847 est
794 803 847 845 P.
873 802 1069 857 LayneS,
1090 814 1179 856 ego
1201 814 1320 854 sum,
1340 807 1387 843 et
1403 801 1551 845 habeo
1579 801 1585 859 Ι
1613 801 1878 858 obsignatas

237 888 448 938 patentes
470 895 497 924 a
520 882 573 924 P.
599 878 793 937 Ignatio.
820 877 931 924 Sine
952 879 1114 921 horum
1138 875 1326 934 (inquit)
1345 876 1495 934 capita
1522 878 1632 921 mihi
1658 893 1878 923 exercen-

234 959 297 1002 da
334 958 381 1015 (?)
420 959 453 1001 ²:
494 972 584 1015 ego
619 956 722 999 illos
759 969 814 1000 eo
851 954 1056 1012 redigam
1093 962 1143 997 vt
1181 960 1226 998 te
1263 953 1523 998 auidissime
1559 962 1717 1011 petant
1757 956 1877 999 vica-

237 1035 359 1080 rium
383 1036 425 1075 ³»
451 1034 526 1078 hic
547 1034 612 1091 (?),
638 1047 780 1090 quum
802 1032 956 1076 nullus
977 1032 1168 1075 verbum
1191 1030 1454 1084 addidisset,
1475 1031 1627 1075 statim
1645 1033 1794 1077 soluta
1810 1041 1880 1078 est

235 1111 556 1170 congregatio.

330 1189 633 1233 Habebantur
648 1186 1048 1244 congregationeS,
1068 1186 1150 1230 sed
1166 1185 1460 1229 obseruatum
1477 1192 1548 1230 est
1564 1186 1765 1231 obfuisse
1782 1187 1882 1232 illas

239 1281 334 1310 non
355 1265 659 1311 mediocriter.
686 1266 752 1308 Eo
774 1271 978 1320 ternpore
1000 1263 1087 1306 fuit
1108 1262 1350 1306 inchoatus
1371 1262 1419 1306 in
1440 1263 1635 1320 collegio
1656 1263 1732 1309 ille
1752 1279 1878 1319 vsus,

238 1343 319 1400 qui
340 1350 499 1400 postea
520 1341 717 1386 obtinuit
738 1340 784 1384 in
802 1339 1048 1394 Societate‚
1068 1347 1118 1383 vt
1134 1340 1181 1383 in
1197 1339 1448 1384 vacationis
1465 1338 1702 1402 [tempore]
1718 1342 1879 1387 fierent

236 1419 575 1466 exernoveitia
595 1426 642 1463 et
663 1418 764 1472 alia,
790 1417 1178 1470 mortificationes,
1203 1424 1292 1461 etc.

329 1499 422 1542 Iam
443 1498 622 1541 firmata
643 1511 754 1553 pace
775 1495 894 1540 inter
917 1494 1176 1552 Philippum
1204 1502 1251 1539 et
1279 1494 1491 1548 Paulum,
1524 1495 1642 1540 serio
1669 1498 1882 1541 euocauit

240 1577 402 1620 Patres
422 1574 619 1618 vicarius
641 1575 698 1618 ad
714 1572 1120 1630 congregationem
1143 1573 1422 1629 generalem,
1442 1579 1492 1615 vt
1508 1573 1807 1618 conuenirent
1823 1576 1880 1619 ad

239 1643 513 1711 principium
559 1652 653 1708 unij
680 1650 869 1708 proximi
892 1649 998 1694 anni
1028 1650 1154 1705 1558.

332 1729 633 1788 Migrauimus
654 1744 711 1773 ex
733 1730 868 1772 domo
890 1728 966 1772 illa
981 1728 1236 1785 propinqua
1252 1727 1487 1774 Mineruae
1503 1730 1561 1773 ad
1576 1731 1760 1774 domum
1779 1732 1882 1776 Sal-

220 1807 356 1851 *uiati
377 1807 435 1851 ad
457 1807 652 1864 plateam
674 1805 797 1850 vlmi.
830 1805 1091 1850 Detulimus
1121 1820 1205 1849 nos
1231 1819 1413 1850 omnem
1440 1807 1796 1863 suppellectilem
1826 1809 1883 1852 ad

244 1899 413 1928 nouam
434 1885 639 1936 domum,
663 1884 790 1927 nullo
817 1882 887 1926 vsi
909 1882 1061 1926 baiulo
1083 1882 1394 1927 mercennario
1425 1883 1458 1926 ⁴:
1479 1891 1722 1940 antequam
1751 1901 1808 1930 ex
1828 1901 1882 1930 ea

243 1962 381 2005 domo
403 1961 717 2018 migraremus,
744 1960 829 2004 fuit
850 1959 1089 2003 immodica
1115 1959 1192 2003 illa
1212 1958 1467 2004 inundatio:
1498 1960 1504 2019 Ι
1531 1961 1783 2006 dimisimus
1811 1963 1877 2007 iu·

247 2038 399 2083 niores
420 2045 467 2082 et
488 2037 803 2082 imbecilliores
824 2038 882 2080 ad
904 2043 1083 2093 patrum
1106 2038 1307 2091 domum;
1332 2051 1416 2081 nos
1444 2038 1693 2083 mansimus
1720 2041 1778 2083 ad
1806 2054 1866 2095 40

244 2122 294 2159 et
315 2122 411 2159 tota
431 2123 500 2159 est
528 2115 690 2158 domus
718 2113 820 2158 altis
847 2113 977 2170 aquis
1004 2113 1298 2157 circumdata.
1331 2114 1585 2159 Timuimus
1613 2116 1881 2173 periculum,

243 2193 327 2237 sed
348 2192 461 2236 nihil
483 2198 720 2249 acceptum
742 2198 812 2237 est
833 2190 1108 2236 detrimenti.

337 2349 456 2392 1⁰8
994 2352 1105 2389 1558

342 2505 602 2559 Antequam
624 2503 833 2548 venirent
856 2506 1033 2558 Patres,
1058 2503 1266 2560 concepit
1288 2510 1335 2548 et
1356 2504 1498 2548 edidit
1522 2508 1658 2550 Pater
1688 2506 1884 2551 vicarius

260 2594 310 2625 12
333 2595 546 2634 canones,
571 2580 649 2636 qui
676 2580 1026 2626 aduenientibus
1054 2580 1268 2625 Patribus
1296 2583 1582 2626 traderentur
1609 2583 1884 2628 obseruandi

252 2659 310 2702 ad
331 2657 650 2714 synceritatem
671 2657 921 2701 electionis.
948 2658 1011 2702 Hi
1033 2671 1231 2703 canones
1259 2659 1429 2716 recepti
1457 2666 1581 2713 sunt,
1607 2667 1653 2704 et
1680 2661 1883 2716 vsurpati

248 2736 298 2779 in
319 2734 463 2792 prima
484 2741 531 2778 et
554 2746 623 2778 25³1
648 2735 1020 2792 congregatione,
1046 2735 1225 2780 tametsi
1246 2751 1339 2779 non
1365 2734 1673 2796 probabat[ur]
1702 2739 1755 2781 P.
1787 2739 1885 2783 Na—

250 2812 329 2856 tali
357 2812 629 2868 exemplum,
652 2818 702 2855 vt
722 2819 876 2868 posset
896 2812 1092 2856 vicarius
1129 2813 1436 2870 praescribere
1474 2815 1765 2869 electoribus,
1797 2816 1885 2860 nisi

325 2959 335 2979 ¹
387 2955 647 2999 SAccmNus,
663 2954 736 2989 loc.
757 2953 842 3000 cit.,
861 2965 900 2989 n.
920 2954 979 3000 89.

323 3019 337 3038 ²
388 3014 524 3051 Lectio
542 3013 675 3049 dubia.

324 3077 339 3097 ³
388 3075 478 3119 Ms.,
498 3074 691 3109 vicarius.

325 3137 341 3156 ⁴
390 3133 648 3175 SAccmNth‚
670 3133 748 3168 loc.
772 3132 860 3176 eit.,
883 3145 926 3169 n.
949 3142 1010 3178 91.
