2196 3522
838 287 860 324 9
885 277 1133 314 Dsscssussms
1162 275 1253 321 1562
1792 273 1855 310 181

229 377 394 436 quibus
415 384 638 435 purgatur
659 382 752 433 aer,
771 377 1051 434 aliquantum
1071 376 1222 421 minus
1243 376 1375 421 solito
1402 376 1603 431 saeuire;
1622 375 1859 434 pauciores

226 454 448 511 siquidem
470 454 594 499 hisce
616 454 869 512 praeteritis
889 454 1068 499 duabus
1090 453 1350 511 septimanis
1371 468 1428 498 ex
1454 455 1539 497 hac
1565 454 1668 498 luce
1687 453 1856 511 migra-

228 538 350 584 runt,
370 546 504 587 quam
528 531 691 589 elapsis
713 531 959 586 mensibus;
983 531 1091 576 licet
1111 531 1208 588 ipsa
1229 532 1366 576 finem
1388 530 1572 575 minime
1593 530 1858 588 polliceatur

227 608 375 663 nobis,
400 609 523 664 quod
544 610 637 654 fere
667 609 800 653 solito
821 623 945 653 more
974 608 1127 652 uicum
1164 615 1369 652 nostrum
1406 615 1453 652 et
1488 607 1663 651 uicinos
1685 607 1854 652 uisitet.

226 686 323 730 Nos
358 685 538 730 interim
574 693 735 730 contra
771 687 890 730 hanc
924 687 1047 729 luem
1083 685 1130 728 in
1165 684 1320 742 primis
1351 684 1520 728 vtimur
1536 684 1702 728 diuinis
1719 686 1856 742 phar—

226 763 380 816 macis,
407 763 506 808 sine
526 763 692 819 quibus
714 763 862 807 anima
882 762 930 806 in
951 777 1139 819 corpore
1166 776 1276 805 sano
1299 761 1559 818 turpissima
1580 769 1708 818 peste
1729 762 1855 805 labo-

227 847 313 894 rat;
359 848 455 883 tum
499 840 723 894 humanis,
769 840 895 883 iuxta
937 839 1220 896 superiorum
1262 845 1520 882 nostrorum
1563 839 1691 895 leges
1727 839 1858 883 nobis

224 917 540 974 praescriptaS,
558 932 615 961 ne
635 920 786 962 Deum
808 917 944 975 (quod
961 916 1091 973 absit)
1111 922 1286 960 tentare
1302 916 1556 960 uideamur.
1578 915 1664 959 His
1681 915 1858 961 accedit

225 994 592 1037 charissimorum
610 996 799 1038 Patrum
815 1008 869 1037 ac
886 994 1091 1047 fratrum,
1116 1007 1309 1048 quorum
1326 992 1538 1049 precibus
1555 992 1857 1036 commendati

223 1085 397 1124 sumus,
418 1072 584 1115 deuota
617 1070 776 1125 oratio,
802 1085 917 1127 quae
949 1085 1032 1114 nos
1062 1076 1221 1114 contra
1247 1069 1432 1113 insidias
1460 1070 1653 1114 latentes
1691 1069 1853 1122 munit,

222 1147 438 1203 virusque
458 1155 672 1192 externae
693 1162 747 1191 ac
768 1147 973 1192 internae
994 1147 1134 1204 pestis
1166 1146 1363 1203 expellit,
1388 1161 1470 1203 pro
1493 1146 1660 1203 quibus
1682 1146 1856 1190 benefi—

222 1223 305 1268 ciis
337 1239 473 1280 quam
494 1224 711 1268 maximas
732 1226 952 1268 habemus
969 1223 1154 1282 gratias.

284 1315 325 1357 3.
389 1303 461 1347 De
502 1303 639 1346 rebus
679 1301 859 1359 collegii
896 1301 1243 1359 particularibus
1264 1316 1356 1345 non
1392 1302 1539 1345 habeo
1575 1315 1698 1344 nunc
1735 1301 1857 1357 quod

223 1378 431 1422 scribam.
458 1380 638 1423 Fratres
659 1386 766 1423 sunt
787 1394 945 1424 omnes
976 1378 1132 1436 quieti,
1157 1378 1313 1422 deuoti
1344 1386 1389 1422 et
1425 1379 1530 1423 laeti
1563 1378 1609 1421 in
1637 1377 1849 1432 Domino,

224 1455 368 1512 parati
390 1456 554 1512 quouis
583 1463 784 1513 tempore
806 1456 864 1513 (si
891 1458 992 1501 Deo
1019 1455 1186 1513 placet)
1209 1455 1382 1500 animas
1417 1455 1621 1500 Creatori
1649 1455 1850 1500 reddere.

223 1532 441 1588 Superest
464 1541 514 1576 ut
536 1540 615 1577 tua
631 1534 744 1578 Rda.
773 1533 1028 1578 Paternitas
1044 1548 1144 1588 nOS,
1166 1540 1215 1576 ut
1237 1540 1370 1577 antea
1388 1533 1510 1586 fecit,
1529 1532 1712 1576 diuinae
1728 1545 1856 1575 com-

223 1610 406 1654 mendet
426 1610 635 1666 bonitati,
659 1625 861 1667 suosque
882 1611 1044 1654 filiolos
1066 1611 1111 1654 in
1134 1610 1259 1655 hisce
1279 1610 1611 1654 calamitatibus
1634 1610 1691 1653 ab
1712 1608 1852 1653 hosti-

222 1687 308 1730 bus
344 1687 542 1732 externis
570 1687 850 1745 internisque
878 1695 1061 1733 tueatur
1089 1702 1142 1731 ac
1178 1695 1398 1745 protegat.
1439 1687 1567 1732 Vale.
1602 1688 1763 1731 Patres
1799 1700 1852 1730 ac

224 1763 385 1808 fratres
407 1765 464 1808 V.
491 1765 546 1808 R.
571 1765 784 1808 salutant.
811 1766 861 1809 R.
889 1767 941 1809 Ρ.
968 1766 1022 1809 Τ.
1048 1779 1209 1808 seruus
1230 1764 1278 1807 in
1305 1764 1504 1809 Christo.

1032 1829 1311 1886 Dommicus
1334 1843 1612 1887 MENGmth.

313 1917 557 1973 Monachii‚
584 1929 607 1973 5
631 1918 733 1962 idus
755 1918 1021 1964 Decembris
1044 1919 1170 1974 1562.

314 1995 556 2051 Inscriptio
576 1996 626 2038 in
648 1999 814 2052 quarta
844 1997 1044 2053 pagina:
1070 1996 1184 2040 Rdo.
1210 1996 1257 2039 in
1278 1996 1420 2040 Chro.
1447 1995 1571 2039 Patri
1598 1997 1657 2039 D.
1684 1994 1851 2040 Hiero-

223 2086 360 2127 nymo
394 2071 567 2125 Natali,
594 2072 767 2116 doctori
795 2073 1008 2130 theologo
1046 2087 1099 2116 ac
1135 2071 1434 2130 collegiorum
1471 2071 1714 2118 Societatis
1738 2074 1850 2130 Jesu

220 2141 440 2185 visitatori
461 2142 701 2187 ordinario.
730 2143 992 2200 Oeniponti.
1028 2143 1286 2187 Cancellata
1306 2147 1463 2200 postea
1482 2157 1584 2186 voce
1602 2142 1853 2200 Oeniponti

223 2219 321 2262 eius
357 2219 446 2262 loco
480 2234 644 2264 nomen
672 2219 878 2264 Viennae
914 2214 1202 2263 substitutam
1238 2224 1318 2264 est.
1345 2221 1453 2264 Alia
1489 2235 1648 2263 manu:
1674 2234 1783 2276 para
1812 2220 1855 2264 el

225 2297 278 2338 P.
315 2296 555 2341 Francisco
586 2298 643 2341 de
672 2297 820 2353 Borja.
839 2298 899 2340 Es
920 2297 979 2342 de
1002 2296 1183 2342 Monico
1220 2298 1249 2340 ¹.
1274 2298 1398 2341 Alia:
1425 2298 1551 2353 1562.
1592 2295 1848 2341 Monachio.

225 2373 277 2415 P.
304 2373 542 2417 Dominico
558 2374 615 2418 de
643 2384 667 2429 5
697 2375 965 2428 Decembre;
997 2374 1114 2430 quod
1137 2375 1358 2428 mendose,
1382 2378 1431 2417 ut
1451 2389 1507 2418 ex
1531 2375 1631 2430 ipSa
1652 2373 1851 2430 epistola,

220 2449 342 2491 clare
366 2450 611 2508 colligitur,
633 2452 855 2508 scriptum
876 2454 955 2494 est.
981 2451 1121 2494 Extat
1142 2451 1293 2509 sigilli
1313 2452 1577 2509 vestigium.

296 2631 307 2652 ¹
357 2633 415 2668 Ex
432 2633 504 2669 hac
518 2634 639 2670 altera
652 2633 905 2681 inscriptione
918 2633 1050 2680 colligi
1063 2645 1179 2681 posse
1193 2633 1351 2670 videtur
1363 2635 1463 2670 hanc
1477 2633 1697 2681 epistolam,
1711 2632 1853 2667 lectam

223 2702 247 2725 a
264 2690 394 2727 Natali
410 2691 613 2738 Tridento,
630 2692 721 2729 inde
738 2693 787 2728 ad
804 2693 849 2729 S.
874 2694 904 2728 F
906 2693 1123 2729 ranciscum
1139 2692 1189 2728 de
1205 2692 1323 2740 Borja
1338 2693 1503 2729 Romam
1526 2692 1685 2728 missam
1707 2690 1847 2726 fuisse.
