2196 3522
870 296 916 333 27
943 288 1208 326 SEPTEMBms
1236 288 1328 334 1564
1844 270 1920 333 514

267 391 383 435 locis
405 405 497 434 non
513 389 882 448 permittendum.
909 391 1065 447 Quum
1086 391 1221 447 paulo
1241 397 1345 447 post
1366 391 1424 434 ad
1440 397 1655 447 papatum
1669 378 1750 434 eos
1766 378 1917 434 dedu-

272 483 441 523 cerem,
466 467 676 524 peruenit
697 468 785 510 hoc
806 481 988 523 quoque
1009 468 1067 511 ad
1088 482 1221 513 aures
1243 468 1547 512 sacerdotum:
1572 473 1798 510 conantur
1827 465 1913 510 im·-

273 545 442 602 pedire3
468 551 516 588 at
537 545 645 587 dum
668 544 790 587 aliud
812 558 904 587 non
925 550 996 587 est
1017 559 1169 600 super,
1195 545 1252 588 ad
1274 543 1786 590 excommunicationem
1803 557 1912 587 con-

274 621 459 680 fugiunt
481 629 527 667 et
547 621 803 674 maledicta,
828 628 874 665 et
894 635 977 678 pro
999 621 1217 665 concione
1239 621 1462 665 exclamat
1484 621 1666 677 quidam
1689 619 1840 664 mirari
1866 635 1922 665 se

273 698 625 743 inconstantiam
643 697 818 753 ouium,
843 698 984 754 quod,
1009 706 1246 755 postquam
1271 711 1325 753 33
1349 712 1508 751 annos,
1529 713 1687 754 parum
1706 697 1789 742 Dei
1810 712 1919 743 uer—

275 778 386 820 bum
415 775 695 828 audiuerint,
727 783 818 819 tam
846 775 937 818 cito
964 777 1021 818 ad
1049 776 1258 832 luporum
1286 776 1515 819 stabulum
1547 775 1776 818 turmatim
1805 789 1917 818 con-—

271 854 430 907 fluere3
450 861 496 898 et
517 852 657 896 addit:
687 853 882 896 «Notum
905 851 964 895 sit
984 851 1210 896 omnibus:
1236 867 1336 904 nos,
1356 866 1461 895 cum
1479 851 1711 906 redierint,
1731 851 1922 908 reliquis

272 929 439 973 ouibus
461 943 552 973 non
575 929 854 986 iungendos:
880 943 1019 986 agere
1039 928 1141 973 illos
1168 937 1325 973 contra
1352 930 1504 982 fidem,
1534 929 1843 986 euangelium;
1867 935 1914 972 et

272 1005 524 1059 sodomitis,
545 1005 668 1049 falsis
689 1006 935 1063 prophetis,
962 1006 1110 1064 magis
1130 1007 1377 1051 adhaerere
1394 1021 1528 1062 quam
1547 1006 1848 1063 pastoribus»;
1868 1012 1916 1049 et

274 1084 416 1127 multa
443 1083 530 1127 alia
557 1084 846 1140 congerebat.
879 1084 1001 1127 Hinc
1027 1085 1223 1141 populus
1252 1083 1436 1128 territus
1459 1083 1615 1128 uenire
1637 1083 1828 1140 amplius
1857 1083 1916 1126 ti-

274 1160 404 1205 muit.
432 1162 549 1217 Ego,
581 1160 844 1204 conuocatis
877 1161 1110 1215 omnibus,
1141 1161 1317 1205 institui
1348 1175 1554 1204 monere:
1589 1160 1781 1206 ueniunt
1801 1175 1915 1216 qua-

277 1245 396 1282 tuor:
422 1237 496 1280 alii
519 1237 794 1294 colloquium
818 1237 1054 1292 timebant,
1085 1252 1170 1282 nec
1197 1238 1443 1283 conuenire
1472 1238 1558 1282 nisi
1587 1237 1748 1294 raptim
1770 1237 1916 1281 licuit:

274 1314 491 1372 proposui
512 1315 568 1358 de
590 1314 832 1367 caelibatu,
857 1315 1015 1359 ordine
1037 1323 1082 1361 et
1104 1315 1202 1359 aliis
1224 1315 1426 1359 articulis
1441 1314 1766 1367 controuersis,
1787 1329 1917 1371 prae-

274 1391 481 1436 sentibus
503 1390 652 1435 iudice
673 1398 720 1435 et
742 1391 855 1435 aliis:
881 1399 1102 1436 certatum
1124 1399 1208 1437 est:
1235 1393 1364 1436 adest
1385 1375 1611 1449 scriptura
1633 1406 1846 1448 pugnans
1875 1398 1925 1436 et

275 1482 463 1526 urgens:
489 1467 713 1524 aspiciunt
735 1467 950 1514 inuicem:
977 1469 1115 1513 trahit
1136 1470 1249 1515 alter
1270 1470 1479 1523 alterum,
1504 1469 1541 1513 si
1565 1470 1679 1512 forte
1697 1469 1806 1524 quid
1824 1483 1917 1512 non

249 1583 258 1591 .
275 1545 520 1590 dicendum
542 1544 725 1589 excidit.
752 1546 899 1600 Vnus,
925 1560 982 1590 ne
1003 1546 1049 1590 in
1071 1548 1299 1603 loquendo
1320 1554 1456 1599 erret,
1482 1546 1666 1590 omnino
1690 1553 1826 1605 tacet3
1855 1546 1920 1589 al-

278 1630 347 1666 ter
367 1637 468 1666 raro
490 1621 711 1678 loquitur:
737 1636 841 1666 cum
862 1623 961 1667 aliis
981 1623 1261 1681 disputatur,
1292 1623 1390 1669 sine
1419 1623 1671 1668 maledictis
1700 1630 1853 1668 tamen
1876 1628 1927 1666 et

277 1699 388 1743 satis
416 1700 640 1744 modeste:
673 1700 840 1744 adsunt
866 1707 1017 1757 patres
1046 1707 1092 1744 et
1124 1700 1317 1745 maxime
1345 1700 1555 1757 discipuli
1587 1700 1918 1757 apostolorum.

279 1775 560 1833 Scripturam
592 1777 872 1831 concedunt3
903 1779 985 1822 sed
1013 1785 1163 1823 tamen
1193 1779 1467 1835 respondent
1495 1793 1543 1822 se
1573 1792 1663 1820 non
1692 1776 1923 1833 accepisse

279 1852 473 1910 gratiam
494 1853 568 1898 vel
589 1853 825 1907 castitatis,
850 1855 923 1898 vel
951 1856 1009 1898 ad
1030 1855 1138 1898 alia:
1168 1862 1319 1912 patres
1347 1855 1506 1899 dicunt
1535 1854 1742 1899 homines
1766 1853 1923 1908 fuisse,

281 1945 334 1974 ac
363 1945 539 1975 errasse
567 1931 783 1987 potuisse;
815 1932 873 1975 ad
901 1933 1026 1988 quod
1062 1933 1172 1976 satis
1209 1947 1474 1990 responsum
1507 1932 1592 1976 fuit
1622 1933 1756 1975 unico
1785 1945 1925 1988 argu-

280 2015 449 2062 ment03
475 2023 579 2051 nam
602 2016 784 2053 sanctos
805 2011 1090 2063 asserebant,
1116 2018 1162 2054 et
1182 2025 1261 2055 eos
1283 2010 1359 2066 qui
1383 2010 1603 2067 primitias
1631 2009 1816 2067 spiritus
1846 2022 1925 2052 ac-

260 2120 270 2128 ,,
281 2093 516 2142 ceperunt:
538 2087 765 2141 quomodo
787 2100 899 2143 ergo
922 2086 966 2129 in
990 2086 1126 2131 rebus
1147 2087 1253 2132 fidei
1275 2095 1500 2140 errarunt,
1521 2094 1567 2132 et
1582 2094 1829 2143 sequentes
1845 2100 1923 2130 eo-

282 2177 382 2205 rum
405 2162 655 2206 doctrinam
679 2162 725 2205 in
747 2177 944 2207 errorem
961 2164 1269 2208 deduxerunt?
1287 2165 1530 2220 Quomodo
1547 2178 1705 2208 omnes
1724 2161 1925 2206 unanimi

282 2254 507 2284 consensu
530 2240 648 2283 idem
671 2240 946 2285 docuerunt?
968 2239 1191 2284 Dicebant
1209 2240 1395 2297 aliquid,
1416 2257 1474 2286 ne
1492 2249 1643 2285 tacere
1661 2241 1928 2284 uiderentur

284 2316 410 2360 uicti:
432 2324 582 2360 tamen
607 2318 767 2362 abesse
789 2331 925 2373 quam
948 2318 1106 2362 adesse
1128 2317 1408 2362 maluissent.
1434 2318 1682 2362 Dicebatur
1704 2316 1837 2360 nobis
1853 2316 1923 2359 in-

283 2393 616 2450 sidiasparatas
633 2402 683 2437 ut
705 2393 973 2439 uerberibus
994 2394 1291 2439 afficeremur.
1318 2395 1528 2439 Vidimus
1551 2396 1722 2448 turbas3
1750 2394 1830 2437 sed
1848 2407 1931 2450 per

284 2470 485 2515 medium
503 2472 779 2516 transeundo
797 2486 904 2524 una,
924 2471 1035 2514 nihil
1051 2471 1222 2515 dictum
1239 2478 1310 2515 est
1325 2472 1472 2516 nobis.
1494 2475 1772 2516 Monuerunt
1790 2469 1926 2515 etiam

284 2547 485 2604 supremi
515 2549 718 2592 locorum
748 2555 798 2591 ut
829 2563 915 2592 nos
943 2547 1276 2592 custodiremus
1303 2563 1330 2592 a
1360 2549 1526 2606 uulgo;
1561 2549 1642 2591 sed
1670 2547 1780 2590 nihil
1813 2561 1928 2590 con»

287 2624 410 2668 trarii
432 2625 551 2680 passi
572 2639 746 2669 sumus.

378 2713 419 2744 2.
486 2702 713 2745 Volebant
744 2717 818 2747 me
845 2717 998 2747 creare
1028 2702 1290 2759 episcopum
1320 2701 1366 2745 in
1393 2702 1479 2746 illis
1507 2701 1637 2754 locis,
1672 2701 1710 2744 si
1739 2715 1928 2744 uxorem

287 2779 455 2822 ducere
472 2779 654 2833 uellem;
678 2794 782 2822 nam
804 2779 953 2823 mirati
975 2786 1100 2834 sunt,
1121 2780 1303 2835 quando
1320 2787 1480 2823 exacte
1497 2780 1554 2822 ad
1571 2778 1721 2822 omnia
1737 2792 1929 2834 respon-

288 2869 391 2898 sum
414 2854 693 2911 acciperent,
724 2855 962 2913 indignum
993 2871 1092 2901 esse
1122 2863 1213 2900 tam
1240 2856 1426 2900 doctum
1448 2855 1676 2899 hominem
1706 2854 1753 2897 in
1774 2868 1930 2899 errore

289 2946 570 2988 permanere.
1844 2921 1847 2925 ’

381 3021 422 3064 3.
488 3010 683 3062 Interea,
707 3010 817 3053 dum
838 3012 951 3054 haec
972 3017 1196 3068 aguntur,
1223 3009 1414 3054 ueniunt
1435 3010 1612 3053 litterae
1640 3008 1783 3062 Rmi.‚
1810 3022 1931 3064 quae

289 3099 375 3128 nos
396 3084 544 3129 redire
567 3085 742 3139 iubent,
768 3086 815 3130 in
841 3086 1007 3143 quibus
1034 3094 1081 3131 et
1100 3087 1212 3130 illud
1239 3086 1558 3132 continebatur
1580 3085 1823 3142 euangelii:
1853 3084 1931 3129 «Si
