2196 3522
319 278 366 323 96
878 274 923 309 P.
952 272 1141 308 NATAms
1167 272 1388 308 EPHEMER.

315 379 508 424 inseruit
529 392 613 421 suo
635 375 939 430 canonicatui,
965 389 1069 418 cum
1090 373 1210 418 votis
1231 373 1342 427 suis,
1367 387 1453 417 nec
1476 374 1625 418 adhue
1646 374 1703 418 de
1725 373 1802 418 illo
1833 374 1959 418 aliud

316 455 472 500 statuit
497 458 648 499 Pater.
675 453 797 497 Hinc
819 452 1028 497 venimus
1050 450 1354 507 Antuerpiam
1379 452 1408 494 ¹.

373 575 484 638 201
519 588 553 618 v
975 584 1284 615 ANTUERPIAE

400 690 506 732 Huc
536 687 642 730 veni
673 687 731 730 ad
759 686 977 730 emendos
1006 683 1161 738 libros;
1198 697 1462 740 acceperam
1495 683 1615 728 enim
1647 684 1891 742 negocium
1918 701 1945 730 a

311 769 446 810 Patre
467 772 516 808 vt
538 777 626 819 4oo
647 763 736 820 illjs
765 762 947 815 francis,
985 775 1100 817 quos
1127 761 1367 804 attuleram
1396 776 1452 806 ex
1480 760 1718 818 Hispania,
1750 777 1949 808 emerem

309 843 466 897 libros,
492 856 584 885 non
606 839 853 884 catholicos
881 839 1045 891 solum,
1076 839 1157 881 sed
1184 837 1438 882 haereticos
1466 837 1590 891 item,
1619 845 1670 882 vt
1697 838 1873 895 possint
1898 840 1950 883 hi

308 919 540 965 deseruire
564 918 776 962 Patribus
805 915 1027 969 Tridenti,
1059 915 1122 958 illi
1150 915 1285 959 etiam
1313 916 1498 960 Romae.
1532 915 1632 959 Emi
1661 917 1756 961 fere
1787 930 1949 961 omnes

307 999 520 1041 doctores
551 996 791 1052 theologos
819 993 1047 1048 antiquos,
1079 992 1190 1036 alios
1221 1000 1454 1049 praeterea
1484 993 1639 1046 libros,
1675 993 1752 1049 qui
1783 994 1857 1038 vel
1887 995 1946 1038 ad

308 1073 540 1118 historiam
562 1074 635 1117 vel
657 1073 715 1116 ad
736 1070 1069 1115 controuersias
1089 1070 1327 1114 Vtilitatem
1351 1071 1511 1115 afferre
1532 1070 1658 1114 202
1674 1077 1879 1127 possent.
1896 1078 1945 1116 et

307 1151 411 1195 dedi
434 1149 675 1207 negocium
699 1146 937 1193 mercatori
959 1146 1138 1190 cuidam
1159 1147 1357 1191 lusitano
1380 1147 1576 1192 Ximeno
1599 1145 1647 1208 [?]
1669 1155 1719 1192 vt
1739 1148 1941 1194 mitteret

305 1228 590 1272 Tridentum.
617 1225 821 1270 Intellexi
844 1224 1094 1281 pollicitum
1117 1239 1217 1268 esse
1241 1226 1423 1268 Patrem
1440 1225 1768 1270 mercatoribus
1783 1225 1939 1283 hispa-

306 1305 377 1348 nis
398 1319 537 1347 vnum
560 1302 937 1346 concionatorem.
966 1301 1088 1344 Hinc
1110 1301 1318 1345 venimus
1340 1301 1596 1346 Louanium
1618 1298 1651 1345 ².

393 1423 521 1466 203
1023 1433 1201 1465 LouAm
1206 1433 1227 1474 J

307 1578 312 1581 .
386 1537 544 1582 Status
559 1549 709 1579 rerum
731 1533 804 1577 hic
827 1532 935 1576 mihi
952 1547 1045 1576 non
1065 1532 1316 1590 vulgariter
1342 1532 1588 1589 displicuit:
1620 1533 1733 1577 nihil
1761 1535 1945 1578 fructus.

299 1614 570 1658 afferebatur
591 1609 885 1655 scholasticis:
910 1610 1063 1653 nullus
1086 1611 1180 1654 fere
1200 1617 1296 1653 erat
1323 1617 1479 1655 noster
1501 1611 1816 1655 scholasticus:
1837 1613 1939 1655 nul·

298 1691 371 1734 lus
387 1691 444 1734 ad
467 1688 741 1734 Societatem
764 1687 1088 1731 adducebatur.
1112 1688 1165 1730 P.
1200 1687 1431 1731 Adrianus
1447 1702 1554 1731 suos
1578 1702 1727 1732 mores
1756 1688 1937 1734 obtine—

298 1769 390 1821 bat,
410 1774 499 1811 etc.
521 1765 610 1810 Hic
631 1767 924 1808 vehementer
946 1763 992 1806 in
1018 1779 1091 1808 me
1113 1771 1183 1808 est
1205 1771 1473 1818 commotus,
1499 1766 1623 1821 quod
1645 1780 1858 1823 vrgerem
1885 1773 1936 1809 vt

297 1844 408 1888 mihi
430 1844 724 1905 confiteretur
746 1841 1033 1898 generaliter.
1060 1841 1204 1896 Dixit,
1229 1849 1338 1895 etc.,
1364 1843 1396 1884 ³.

387 1919 604 1974 Visitaui,
635 1919 785 1974 quoad
812 1917 819 1976 Ι
845 1917 988 1970 licuit,
1020 1924 1065 1962 et
1091 1918 1230 1961 statui
1259 1918 1371 1961 illud
1400 1919 1520 1975 apud
1543 1917 1645 1979 [me]
1669 1926 1937 1966 constanter

295 2012 395 2042 esse
409 1995 715 2041 necessarium
737 2002 787 2037 vt
809 1994 970 2051 aliquis
992 2001 1141 2038 rector
1156 1995 1413 2040 mitteretur
1429 2011 1486 2041 ex
1507 1997 1635 2049 vrbe,
1655 1996 1823 2052 alioqui
1840 1996 1932 2040 illic

295 2075 440 2132 perire
476 2072 608 2117 nobis
629 2086 847 2128 magnum
868 2078 1155 2127 prouentum.
1177 2072 1392 2129 Cogitaui
1420 2073 1689 2130 magistrum
1717 2075 1932 2118 Iacobum

294 2151 524 2208 Scipman:
549 2149 763 2206 proposui
784 2151 873 2192 hoc
897 2148 1020 2192 Patri
1043 2148 1264 2194 Tridenti:
1290 2150 1411 2194 misit
1431 2150 1573 2203 illum,
1601 2157 1646 2195 et
1668 2166 1761 2194 non
1779 2150 1827 2208 [Ρ]
1848 2152 1930 2195 ad—

294 2231 384 2272 huc
400 2243 473 2273 res
491 2234 559 2272 est
577 2241 667 2282 quo
683 2226 783 2269 loco
799 2226 934 2269 debet
952 2225 984 2278 ⁴,
1005 2232 1050 2269 et
1066 2239 1155 2282 ego
1173 2227 1349 2280 vellem,
1370 2234 1553 2284 propter
1567 2227 1751 2271 dubiam
1768 2243 1929 2284 super-

292 2303 619 2350 intendentiam
637 2305 690 2346 P.
717 2301 906 2346 Adriani
923 2309 968 2345 et
984 2317 1132 2347 mores
1154 2303 1379 2359 antiquos.
1406 2305 1514 2347 Erat
1535 2318 1713 2348 mecum
1732 2307 1784 2348 P.
1805 2306 1927 2349 Eue—

291 2383 451 2426 rardus
472 2379 775 2437 prouincialis:
802 2379 842 2423 ei
864 2379 965 2423 dedi
999 2379 1235 2436 negotium
1263 2387 1330 2435 vt,
1364 2381 1530 2425 omisso
1551 2382 1677 2425 204
1702 2382 1928 2437 Adriano,
1990 2432 1996 2438 ,

290 2458 510 2515 reliquam
531 2472 685 2501 curam
706 2455 826 2499 illius
848 2456 1024 2513 collegij
1050 2457 1300 2514 susciperet
1322 2464 1367 2501 et
1384 2465 1565 2514 gereret
1588 2460 1619 2501 ⁵.

339 2557 342 2559 .
381 2578 505 2622 205
993 2590 1235 2621 COLONIAE

378 2692 484 2735 Huc
506 2690 631 2735 venit
653 2688 891 2732 nobiscum
915 2691 968 2732 P.
997 2690 1272 2734 Euerardus.
1309 2692 1412 2735 Hoc
1443 2692 1686 2749 collegium
1710 2691 1802 2735 vidi
1833 2707 1929 2736 non

288 2769 493 2813 obtinere
514 2782 643 2811 suam
671 2766 940 2818 libertatem,
973 2773 1069 2809 tum
1097 2757 1280 2824 propter
1306 2770 1506 2823 bursam,
1538 2769 1586 2812 in
1614 2783 1703 2825 qua
1730 2777 1854 2823 sunt,
1879 2776 1931 2814 et

360 2854 371 2873 ¹
424 2852 517 2886 Fol..
537 2858 603 2886 201
624 2861 656 2885 r.
677 2860 844 2884 vacuum
862 2854 941 2884 est.

356 2913 370 2932 ²
422 2910 486 2945 Nil
505 2910 546 2945 in
563 2908 634 2945 fol.
659 2916 728 2944 202
746 2919 789 2942 v.
813 2907 1001 2954 scriptum
1019 2907 1106 2943 fuit.

357 2971 371 2990 ⁵
421 2968 523 3004 Vide
541 2967 813 3015 appendicem,
832 2978 870 3002 n.
887 2967 994 3003 VIII.

356 3030 371 3050 ⁴
421 3029 511 3072 Ms.‚
545 3027 699 3063 debent.

353 3089 368 3110 ⁵
418 3088 507 3124 Fol.
531 3096 601 3132 204
619 3098 658 3122 v.
684 3097 823 3133 purum
841 3092 1028 3123 remanet.
