2196 3522
945 230 1167 270 Appaumx
1800 225 1883 267 613,

1026 409 1070 453 X

739 505 783 542 P.
803 503 1134 543 FRANCISCUS
1153 502 1358 541 COSTER

710 603 851 635 PATRI
901 602 1198 635 SEBASTIANO
1246 579 1396 634 Romu

808 683 966 730 collegii
982 683 1130 720 romani
1147 682 1290 721 rectori

624 767 862 823 Coloniae,
907 781 958 824 13
995 766 1261 813 Decembris
1304 767 1413 822 1562
1454 767 1481 810 ¹.

231 858 404 896 Fructus
421 870 468 895 ex
479 857 642 895 Natalis
654 858 898 899 visitatione,
913 857 958 893 in
975 857 1142 904 collegio
1155 856 1371 893 coloniensi
1385 858 1573 892 recenset:
1586 858 1737 893 statum
1755 857 1871 894 illius

861 916 1022 965 collegii
1039 916 1243 953 describit.

324 998 495 1041 Doctor
517 997 734 1041 Costerus
755 995 813 1040 ad
840 1002 1062 1040 rectorem
1090 993 1271 1051 collegii
1298 993 1472 1038 romani
1494 994 1568 1039 die
1595 1007 1645 1050 13
1674 996 1870 1040 Decem-

236 1056 330 1099 bris
351 1072 423 1100 an.
450 1057 526 1100 62.
559 1058 798 1112 Quantum·
814 1055 872 1098 ad
893 1061 1098 1098 nostrum
1120 1053 1363 1111 collegium
1392 1053 1554 1099 attinet
1579 1056 1692 1099 haec
1714 1055 1871 1111 paucis

238 1115 408 1173 accipe.
439 1117 648 1160 Fratrum
675 1129 930 1168 numerum,
955 1114 1033 1171 qui
1063 1113 1283 1159 Coloniae
1303 1113 1531 1167 habitant,
1565 1129 1708 1170 usque
1729 1115 1786 1158 ad
1809 1126 1865 1170 57

238 1175 515 1230 excrevisse3
544 1175 661 1219 inter
689 1189 802 1232 quos
829 1175 981 1218 nullus
1007 1180 1093 1227 est,
1124 1173 1201 1231 qui
1230 1189 1321 1218 non
1342 1174 1429 1218 Dei
1456 1173 1677 1218 beneficio
1700 1174 1870 1231 optime

239 1251 289 1280 se
310 1242 456 1292 gerat.
481 1237 555 1289 Et,
579 1241 630 1279 ut
651 1234 698 1278 in
719 1234 912 1292 gratiam
940 1234 1266 1279 coloniensium
1289 1234 1493 1286 fratrum,
1519 1233 1596 1289 qui
1619 1233 1719 1277 istic
1742 1241 1866 1287 sunt,

239 1294 526 1351 particularia
552 1294 798 1352 attingam,
827 1293 974 1347 multi,
1006 1293 1083 1350 qui
1111 1294 1169 1337 ob
1197 1301 1434 1350 parentum
1463 1307 1655 1337 suorum
1678 1307 1872 1338 consen-

238 1369 357 1408 sum,
383 1369 518 1411 quem
535 1354 736 1398 nondum
754 1353 1062 1408 obtinuerant,
1083 1354 1210 1396 uelut
1225 1353 1399 1397 externi
1416 1353 1489 1397 hic
1506 1354 1720 1410 agebant,
1746 1367 1870 1397 nunc

238 1414 376 1458 etiam
398 1413 556 1458 habitu
574 1414 817 1460 Societatis
831 1420 1039 1466 utuntur,
1058 1414 1183 1458 velut
1204 1419 1272 1457 est
1296 1413 1530 1456 Arnoldus
1553 1413 1753 1465 Bemius,
1774 1412 1868 1469 qui,

241 1474 371 1518 sactis
391 1473 588 1518 maximo
610 1474 761 1517 fructu
782 1473 1091 1531 spiritualibus
1112 1472 1354 1526 exercitiis,
1379 1472 1437 1520 in.
1447 1473 1547 1516 loco
1569 1473 1626 1516 ad
1647 1472 1693 1516 id
1715 1480 1871 1529 parato

238 1540 390 1578 vestes
407 1535 545 1578 habet
571 1533 831 1579 Societatis:
863 1533 994 1577 cuius
1022 1539 1164 1590 pater,
1199 1547 1304 1576 curn
1331 1534 1422 1576 huc
1450 1532 1668 1585 uenisset,
1693 1540 1740 1577 et
1767 1547 1871 1576 eum

239 1593 285 1636 in
306 1607 430 1638 nouo
450 1593 608 1637 habitu
635 1592 837 1646 vidisset,
863 1599 1008 1637 totum
1036 1592 1184 1649 ipsum
1213 1591 1430 1637 Societati
1453 1591 1592 1637 dedit.
1619 1593 1743 1637 Idem
1764 1606 1870 1635 cum

234 1655 410 1712 joanne
430 1655 669 1698 Zantheno
696 1659 742 1697 et
768 1652 948 1698 Siberto
977 1654 1259 1696 Brunchorst
1286 1658 1438 1695 actum
1467 1658 1553 1707 est,
1610 1651 1655 1695 ui
1677 1651 1872 1696 maxima

241 1712 494 1757 animorum
524 1727 709 1756 suorum
737 1712 1044 1757 consolatione
1067 1712 1272 1757 uestibus
1299 1711 1555 1767 Societatis,
1598 1711 1711 1755 actis
1739 1726 1872 1756 exer-

241 1772 375 1825 citiis,
397 1778 602 1816 utuntur.
624 1771 951 1816 Exercitiorum
967 1771 1227 1816 cubiculum
1245 1785 1442 1816 uacuum
1459 1786 1551 1815 non
1566 1778 1636 1815 est
1653 1785 1869 1827 unquam.

242 1833 424 1876 Fratres
459 1846 617 1875 omnes
652 1831 867 1889 paulatim
899 1847 953 1877 ea
981 1831 1167 1885 faciunt,
1198 1838 1246 1875 et
1272 1831 1517 1875 maximum
1544 1830 1800 1888 experimur
1827 1830 1874 1874 in

242 1891 328 1935 illis
351 1892 564 1935 fructum.
590 1892 835 1948 Nunquam
857 1891 977 1936 enim
1003 1890 1096 1935 vidi
1123 1890 1367 1948 collegium
1387 1893 1474 1935 hoc
1495 1891 1658 1934 melius
1687 1905 1874 1947 compo-

241 1950 394 2005 situm,
420 1965 556 2006 quam
583 1950 642 1995 sit
667 1951 822 1995 modo:
852 1950 1120 1996 benedictus
1147 1953 1289 1995 Deus.
1320 1952 1365 1995 A
1393 1950 1596 1995 discessu
1618 1952 1671 1995 R.
1706 1952 1759 1994 P.
1785 1952 1874 1995 Na-

242 2010 358 2065 talis,
382 2010 460 2066 qui
481 2011 539 2054 ad
561 2017 651 2055 tres
672 2009 946 2068 septimanas
973 2010 1230 2055 institutum
1252 2009 1491 2056 Societatis
1512 2009 1723 2054 omnibus
1743 2010 1875 2054 hobis

240 2069 465 2127 exposuit,
498 2076 622 2114 tanta
657 2076 727 2113 est
764 2070 882 2114 facta
917 2070 1125 2122 mutatio,
1158 2077 1209 2113 ut
1246 2070 1368 2114 aliud
1404 2069 1647 2127 collegium
1685 2069 1871 2122 diceret,

240 2132 318 2186 qui
345 2144 402 2173 ex
429 2129 596 2173 nostris
621 2131 711 2172 huc
739 2129 921 2175 aliunde
948 2130 1128 2175 rediret.
1171 2131 1394 2187 Tempore
1422 2129 1715 2174 recreationis
1751 2144 1873 2173 nun-

241 2203 376 2245 quam
402 2189 508 2246 licet
537 2203 670 2246 quam
698 2189 756 2232 de
784 2188 838 2233 iis
867 2189 1005 2246 loqui,
1037 2204 1170 2246 quae,
1201 2204 1304 2233 cum
1333 2189 1424 2233 sint
1451 2189 1666 2242 iucunda,
1698 2190 1755 2232 ad
1782 2189 1871 2246 spi-

241 2248 451 2293 ritualem
488 2247 846 2298 aedificationem
884 2249 1064 2293 faciant.
1096 2250 1321 2293 Censores
1357 2256 1403 2292 et
1430 2248 1758 2300 admonitores,
1799 2248 1876 2304 qui

243 2307 379 2352 etiam
402 2308 524 2365 ipsos
552 2307 823 2364 superiores,
847 2307 885 2352 si
909 2309 1022 2354 forte
1044 2315 1251 2366 peccent,
1273 2309 1562 2360 admoneant,
1588 2307 1876 2351 constituun—

245 2375 334 2411 tur.
359 2369 426 2412 Ita
447 2368 618 2411 factum
640 2374 725 2420 est,
749 2374 802 2410 ut
822 2367 982 2424 partim
1004 2383 1083 2425 per
1104 2368 1352 2425 spiritualia
1368 2367 1597 2419 exercitia,
1617 2367 1780 2424 partim
1798 2382 1877 2423 per

244 2426 469 2483 colloquia
489 2428 602 2471 haec
623 2426 697 2483 pia
718 2433 764 2470 et
786 2426 872 2471 alia
887 2428 1108 2483 quaedam
1125 2428 1288 2481 media,
1309 2427 1474 2484 quibus
1498 2428 1657 2470 fratres
1679 2442 1705 2471 a
1728 2426 1877 2470 Patri-

245 2487 333 2530 bus
354 2485 402 2529 in
425 2486 575 2530 officio
596 2485 902 2541 continentur,
925 2501 1075 2531 nouus
1096 2487 1281 2544 spiritus
1304 2487 1512 2532 uideatur
1532 2486 1579 2529 in
1601 2500 1758 2530 omnes
1778 2485 1879 2529 illa·-

244 2560 373 2602 psus.
401 2545 588 2590 Externi
604 2545 794 2589 studiosi
810 2552 856 2589 et
872 2546 1174 2602 conuictores,
1193 2561 1386 2603 quorum
1402 2561 1618 2591 numerus
1635 2545 1873 2598 maximus,

243 2611 503 2649 nostrorum
526 2604 729 2649 moribus
750 2604 913 2650 mirum
934 2605 981 2650 in
1001 2607 1188 2650 modum
1210 2607 1267 2650 ad
1283 2606 1496 2664 pietatem
1513 2611 1872 2650 commouentur.

240 2666 488 2720 Nunquam
519 2665 595 2709 uel
626 2665 779 2721 plures
805 2664 880 2708 hic
908 2666 1093 2709 fuerunt
1120 2665 1349 2723 discipuli,
1384 2667 1459 2710 uel
1485 2665 1706 2708 meliores.
1739 2665 1873 2717 Sunt,

238 2725 393 2775 credo,
419 2723 600 2767 circiter
628 2736 695 2779 12,
721 2724 798 2781 qui
819 2730 871 2767 ut
890 2724 1164 2782 recipiantur
1185 2725 1232 2769 in
1264 2725 1536 2771 Societatem
1566 2724 1750 2767 instant.
1775 2725 1876 2767 Ho-

309 2890 321 2911 ¹
375 2891 433 2926 Ex
451 2886 672 2937 apographo
690 2901 848 2935 coaevo,
867 2901 984 2927 manu
1001 2891 1050 2926 P.
1081 2892 1242 2938 Joannis
1266 2892 1398 2928 Rhetii
1417 2896 1591 2936 exarato,
1622 2890 1662 2926 in
1692 2889 1787 2926 Cod.
1817 2898 1875 2936 37,

239 2938 307 2974 fol.
330 2947 397 2983 140
414 2938 504 2981 (28).
523 2937 624 2973 Vide
643 2938 758 2985 epist.
778 2948 847 2984 209
865 2946 904 2974 et
922 2940 1193 2975 annotationes
1212 2940 1266 2975 ibi
1291 2941 1452 2987 positas.
1481 2940 1527 2974 Ρ.
1547 2938 1777 2974 Franciscus
1803 2937 1877 2973 Co-

241 2991 322 3022 ster
350 2986 508 3022 lectoris
536 2986 756 3032 theologiae
787 2991 826 3022 et
854 2986 1088 3022 novitiorum
1114 2986 1291 3033 magistri
1321 2987 1547 3025 muneribus
1575 2984 1761 3023 Coloniae
1789 2985 1875 3022 fun-

241 3035 421 3081 gebatur.
442 3033 538 3083 Ejus
556 3045 721 3072 examen
738 3034 860 3072 habes
878 3046 1009 3083 supra,
1028 3034 1213 3082 append.,
1232 3035 1262 3073 1.
