<?xml version="1.0" encoding="UTF-8"?>
<!DOCTYPE html PUBLIC "-//W3C//DTD XHTML 1.0 Transitional//EN"
    "http://www.w3.org/TR/xhtml1/DTD/xhtml1-transitional.dtd">
<html xmlns="http://www.w3.org/1999/xhtml" xml:lang="en" lang="en">
 <head>
  <title>
</title>
<meta http-equiv="Content-Type" content="text/html;charset=utf-8" />
  <meta name='ocr-system' content='tesseract 3.04.00' />
  <meta name='ocr-capabilities' content='ocr_page ocr_carea ocr_par ocr_line ocrx_word'/>
</head>
<body>
  <div class='ocr_page' id='page_1' title='image "./epistolaephieron02nadauoft_0675.png"; bbox 0 0 2196 3522; ppageno 0'>
   <div class='ocr_carea' id='block_1_1' title="bbox 941 297 1870 347">
    <p class='ocr_par' dir='ltr' id='par_1_1' title="bbox 941 297 1870 347">
     <span class='ocr_line' id='line_1_1' title="bbox 941 297 1870 347; baseline 0.004 -15"><span class='ocrx_word' id='word_1_1' title='bbox 941 297 1164 332; x_wconf 69' lang='lat' dir='ltr'>Appssnmx</span> <span class='ocrx_word' id='word_1_2' title='bbox 1795 299 1870 347; x_wconf 88' lang='grc'>649</span> 
     </span>
    </p>
   </div>
   <div class='ocr_carea' id='block_1_2' title="bbox 167 397 1872 1158">
    <p class='ocr_par' dir='ltr' id='par_1_2' title="bbox 230 397 1869 517">
     <span class='ocr_line' id='line_1_2' title="bbox 230 397 1869 458; baseline -0.001 -13"><span class='ocrx_word' id='word_1_3' title='bbox 230 408 374 458; x_wconf 82' lang='lat' dir='ltr'>tengo</span> <span class='ocrx_word' id='word_1_4' title='bbox 396 400 453 444; x_wconf 91' lang='lat' dir='ltr'>de</span> <span class='ocrx_word' id='word_1_5' title='bbox 476 406 605 444; x_wconf 90' lang='lat' dir='ltr'>tener</span> <span class='ocrx_word' id='word_1_6' title='bbox 626 399 668 444; x_wconf 92' lang='lat' dir='ltr'>el</span> <span class='ocrx_word' id='word_1_7' title='bbox 682 397 825 455; x_wconf 90' lang='lat' dir='ltr'>juizio</span> <span class='ocrx_word' id='word_1_8' title='bbox 846 398 920 442; x_wconf 92' lang='lat' dir='ltr'>del</span> <span class='ocrx_word' id='word_1_9' title='bbox 942 399 997 441; x_wconf 89' lang='lat' dir='ltr'>P.</span> <span class='ocrx_word' id='word_1_10' title='bbox 1023 397 1284 443; x_wconf 86' lang='lat' dir='ltr'>comissario</span> <span class='ocrx_word' id='word_1_11' title='bbox 1315 413 1398 456; x_wconf 92' lang='lat' dir='ltr'>por</span> <span class='ocrx_word' id='word_1_12' title='bbox 1418 400 1546 456; x_wconf 86' lang='lat' dir='ltr'>regla</span> <span class='ocrx_word' id='word_1_13' title='bbox 1575 400 1649 444; x_wconf 90' lang='lat' dir='ltr'>del</span> <span class='ocrx_word' id='word_1_14' title='bbox 1669 400 1869 457; x_wconf 81' lang='lat' dir='ltr'>proprio,</span> 
     </span>
     <span class='ocr_line' id='line_1_3' title="bbox 230 457 1858 517; baseline -0.001 -13"><span class='ocrx_word' id='word_1_15' title='bbox 230 461 310 504; x_wconf 86' lang='lat' dir='ltr'>lzoc</span> <span class='ocrx_word' id='word_1_16' title='bbox 332 461 455 503; x_wconf 82' lang='lat' dir='ltr'>enim</span> <span class='ocrx_word' id='word_1_17' title='bbox 477 459 681 503; x_wconf 81' lang='lat' dir='ltr'>nondum</span> <span class='ocrx_word' id='word_1_18' title='bbox 702 458 820 501; x_wconf 81' lang='lat' dir='ltr'>mihi</span> <span class='ocrx_word' id='word_1_19' title='bbox 833 457 1174 514; x_wconf 80' lang='lat' dir='ltr'>praescriptum</span> <span class='ocrx_word' id='word_1_20' title='bbox 1196 462 1262 501; x_wconf 84' lang='lat' dir='ltr'>est</span> <span class='ocrx_word' id='word_1_21' title='bbox 1287 474 1316 501; x_wconf 86' lang='lat' dir='ltr'>a</span> <span class='ocrx_word' id='word_1_22' title='bbox 1345 460 1507 502; x_wconf 82' lang='lat' dir='ltr'>Natali</span> <span class='ocrx_word' id='word_1_23' title='bbox 1526 473 1608 502; x_wconf 81' lang='lat' dir='ltr'>nec</span> <span class='ocrx_word' id='word_1_24' title='bbox 1624 460 1858 517; x_wconf 81' lang='lat' dir='ltr'>generali.</span> 
     </span>
    </p>

    <p class='ocr_par' dir='ltr' id='par_1_3' title="bbox 167 517 1872 1158">
     <span class='ocr_line' id='line_1_4' title="bbox 319 517 1872 575; baseline 0 -12"><span class='ocrx_word' id='word_1_25' title='bbox 319 519 508 572; x_wconf 88' lang='lat' dir='ltr'>Vltimo‚</span> <span class='ocrx_word' id='word_1_26' title='bbox 534 518 588 570; x_wconf 89' lang='lat' dir='ltr'>si,</span> <span class='ocrx_word' id='word_1_27' title='bbox 612 518 785 561; x_wconf 90' lang='lat' dir='ltr'>mirado</span> <span class='ocrx_word' id='word_1_28' title='bbox 806 530 893 560; x_wconf 93' lang='lat' dir='ltr'>con</span> <span class='ocrx_word' id='word_1_29' title='bbox 920 517 1060 561; x_wconf 90' lang='lat' dir='ltr'>deseo</span> <span class='ocrx_word' id='word_1_30' title='bbox 1087 518 1145 561; x_wconf 92' lang='lat' dir='ltr'>de</span> <span class='ocrx_word' id='word_1_31' title='bbox 1172 525 1362 570; x_wconf 89' lang='lat' dir='ltr'>acertar,</span> <span class='ocrx_word' id='word_1_32' title='bbox 1386 533 1447 562; x_wconf 94' lang='lat' dir='ltr'>no</span> <span class='ocrx_word' id='word_1_33' title='bbox 1467 519 1617 575; x_wconf 90' lang='lat' dir='ltr'>puedo</span> <span class='ocrx_word' id='word_1_34' title='bbox 1649 519 1872 563; x_wconf 88' lang='lat' dir='ltr'>entender</span> 
     </span>
     <span class='ocr_line' id='line_1_5' title="bbox 230 576 1869 635; baseline 0 -13"><span class='ocrx_word' id='word_1_35' title='bbox 230 593 322 635; x_wconf 93' lang='lat' dir='ltr'>que</span> <span class='ocrx_word' id='word_1_36' title='bbox 341 580 387 622; x_wconf 94' lang='lat' dir='ltr'>lo</span> <span class='ocrx_word' id='word_1_37' title='bbox 408 593 498 634; x_wconf 91' lang='lat' dir='ltr'>que</span> <span class='ocrx_word' id='word_1_38' title='bbox 519 577 736 621; x_wconf 91' lang='lat' dir='ltr'>entiendo</span> <span class='ocrx_word' id='word_1_39' title='bbox 763 577 837 620; x_wconf 93' lang='lat' dir='ltr'>del</span> <span class='ocrx_word' id='word_1_40' title='bbox 866 578 919 620; x_wconf 91' lang='lat' dir='ltr'>P.</span> <span class='ocrx_word' id='word_1_41' title='bbox 951 576 1110 620; x_wconf 90' lang='lat' dir='ltr'>doctor</span> <span class='ocrx_word' id='word_1_42' title='bbox 1138 577 1291 620; x_wconf 88' lang='lat' dir='ltr'>Araoz</span> <span class='ocrx_word' id='word_1_43' title='bbox 1321 592 1370 621; x_wconf 92' lang='lat' dir='ltr'>es</span> <span class='ocrx_word' id='word_1_44' title='bbox 1398 578 1631 621; x_wconf 85' lang='lat' dir='ltr'>conforme</span> <span class='ocrx_word' id='word_1_45' title='bbox 1657 582 1684 621; x_wconf 78' lang='lat' dir='ltr'>a</span> <span class='ocrx_word' id='word_1_46' title='bbox 1710 578 1755 621; x_wconf 97' lang='grc'>10</span> <span class='ocrx_word' id='word_1_47' title='bbox 1776 592 1869 634; x_wconf 92' lang='lat' dir='ltr'>que</span> 
     </span>
     <span class='ocr_line' id='line_1_6' title="bbox 228 635 1866 693; baseline -0.001 -11"><span class='ocrx_word' id='word_1_48' title='bbox 228 638 445 683; x_wconf 89' lang='lat' dir='ltr'>entiendo</span> <span class='ocrx_word' id='word_1_49' title='bbox 467 638 525 682; x_wconf 95' lang='lat' dir='ltr'>de</span> <span class='ocrx_word' id='word_1_50' title='bbox 546 645 733 681; x_wconf 90' lang='lat' dir='ltr'>nuestro</span> <span class='ocrx_word' id='word_1_51' title='bbox 757 638 810 679; x_wconf 93' lang='lat' dir='ltr'>P.</span> <span class='ocrx_word' id='word_1_52' title='bbox 836 635 1040 693; x_wconf 83' lang='lat' dir='ltr'>Ignacio,</span> <span class='ocrx_word' id='word_1_53' title='bbox 1071 637 1128 679; x_wconf 91' lang='lat' dir='ltr'>de</span> <span class='ocrx_word' id='word_1_54' title='bbox 1157 637 1214 680; x_wconf 94' lang='lat' dir='ltr'>V.</span> <span class='ocrx_word' id='word_1_55' title='bbox 1248 638 1301 680; x_wconf 92' lang='lat' dir='ltr'>P.</span> <span class='ocrx_word' id='word_1_56' title='bbox 1332 651 1363 692; x_wconf 89' lang='lat' dir='ltr'><strong>y</strong></span> <span class='ocrx_word' id='word_1_57' title='bbox 1394 637 1468 681; x_wconf 93' lang='lat' dir='ltr'>del</span> <span class='ocrx_word' id='word_1_58' title='bbox 1500 639 1552 680; x_wconf 89' lang='lat' dir='ltr'>P.</span> <span class='ocrx_word' id='word_1_59' title='bbox 1589 636 1678 681; x_wconf 91' lang='lat' dir='ltr'>M.⁰</span> <span class='ocrx_word' id='word_1_60' title='bbox 1701 638 1866 690; x_wconf 90' lang='lat' dir='ltr'>Nadal,</span> 
     </span>
     <span class='ocr_line' id='line_1_7' title="bbox 192 695 1869 754; baseline 0 -13"><span class='ocrx_word' id='word_1_61' title='bbox 192 703 195 706; x_wconf 76' lang='grc'>’</span> <span class='ocrx_word' id='word_1_62' title='bbox 228 701 379 754; x_wconf 79' lang='lat' dir='ltr'>segun</span> <span class='ocrx_word' id='word_1_63' title='bbox 400 698 444 740; x_wconf 94' lang='grc'>10</span> <span class='ocrx_word' id='word_1_64' title='bbox 467 711 556 753; x_wconf 91' lang='lat' dir='ltr'>que</span> <span class='ocrx_word' id='word_1_65' title='bbox 577 710 664 739; x_wconf 92' lang='lat' dir='ltr'>con</span> <span class='ocrx_word' id='word_1_66' title='bbox 685 696 728 740; x_wconf 83' lang='lat' dir='ltr'>el</span> <span class='ocrx_word' id='word_1_67' title='bbox 749 698 864 739; x_wconf 83' lang='lat' dir='ltr'>trate</span> <span class='ocrx_word' id='word_1_68' title='bbox 885 710 915 752; x_wconf 89' lang='lat' dir='ltr'><strong>y</strong></span> <span class='ocrx_word' id='word_1_69' title='bbox 938 695 1012 738; x_wconf 93' lang='lat' dir='ltr'>leo</span> <span class='ocrx_word' id='word_1_70' title='bbox 1043 709 1102 739; x_wconf 93' lang='lat' dir='ltr'>en</span> <span class='ocrx_word' id='word_1_71' title='bbox 1132 701 1254 740; x_wconf 88' lang='lat' dir='ltr'>estas</span> <span class='ocrx_word' id='word_1_72' title='bbox 1285 695 1442 739; x_wconf 89' lang='lat' dir='ltr'>dichas</span> <span class='ocrx_word' id='word_1_73' title='bbox 1472 695 1735 752; x_wconf 89' lang='lat' dir='ltr'>scripturas,</span> <span class='ocrx_word' id='word_1_74' title='bbox 1761 698 1869 752; x_wconf 78' lang='lat' dir='ltr'>qual</span> 
     </span>
     <span class='ocr_line' id='line_1_8' title="bbox 228 754 1870 812; baseline 0.001 -12"><span class='ocrx_word' id='word_1_75' title='bbox 228 757 381 800; x_wconf 91' lang='lat' dir='ltr'>destas</span> <span class='ocrx_word' id='word_1_76' title='bbox 402 757 485 800; x_wconf 93' lang='lat' dir='ltr'>dos</span> <span class='ocrx_word' id='word_1_77' title='bbox 507 756 659 811; x_wconf 84' lang='lat' dir='ltr'>reglas</span> <span class='ocrx_word' id='word_1_78' title='bbox 679 754 882 812; x_wconf 80' lang='lat' dir='ltr'>seguire?</span> <span class='ocrx_word' id='word_1_79' title='bbox 903 755 970 798; x_wconf 90' lang='lat' dir='ltr'>La</span> <span class='ocrx_word' id='word_1_80' title='bbox 990 758 1128 798; x_wconf 80' lang='lat' dir='ltr'>razon</span> <span class='ocrx_word' id='word_1_81' title='bbox 1155 755 1212 798; x_wconf 92' lang='lat' dir='ltr'>de</span> <span class='ocrx_word' id='word_1_82' title='bbox 1241 755 1386 798; x_wconf 86' lang='lat' dir='ltr'>dudar</span> <span class='ocrx_word' id='word_1_83' title='bbox 1408 770 1457 799; x_wconf 92' lang='lat' dir='ltr'>es</span> <span class='ocrx_word' id='word_1_84' title='bbox 1470 788 1479 806; x_wconf 94' lang='lat'>,</span> <span class='ocrx_word' id='word_1_85' title='bbox 1511 769 1683 811; x_wconf 90' lang='lat' dir='ltr'>porque</span> <span class='ocrx_word' id='word_1_86' title='bbox 1704 770 1870 812; x_wconf 87' lang='lat' dir='ltr'>parece</span> 
     </span>
     <span class='ocr_line' id='line_1_9' title="bbox 167 815 1869 872; baseline -0.001 -13"><span class='ocrx_word' id='word_1_87' title='bbox 167 866 173 868; x_wconf 40' lang='grc'>,</span> <span class='ocrx_word' id='word_1_88' title='bbox 228 830 318 872; x_wconf 93' lang='lat' dir='ltr'>que</span> <span class='ocrx_word' id='word_1_89' title='bbox 339 817 381 859; x_wconf 90' lang='lat' dir='ltr'>el</span> <span class='ocrx_word' id='word_1_90' title='bbox 404 817 458 859; x_wconf 91' lang='lat' dir='ltr'>P.</span> <span class='ocrx_word' id='word_1_91' title='bbox 485 815 573 859; x_wconf 90' lang='lat' dir='ltr'>M.⁰</span> <span class='ocrx_word' id='word_1_92' title='bbox 595 815 742 859; x_wconf 89' lang='lat' dir='ltr'>Nadal</span> <span class='ocrx_word' id='word_1_93' title='bbox 762 817 946 858; x_wconf 82' lang='lat' dir='ltr'>reseruo</span> <span class='ocrx_word' id='word_1_94' title='bbox 967 819 1066 857; x_wconf 90' lang='lat' dir='ltr'>esto</span> <span class='ocrx_word' id='word_1_95' title='bbox 1087 828 1195 870; x_wconf 90' lang='lat' dir='ltr'>para</span> <span class='ocrx_word' id='word_1_96' title='bbox 1216 828 1269 870; x_wconf 92' lang='lat' dir='ltr'>sy</span> <span class='ocrx_word' id='word_1_97' title='bbox 1289 829 1320 870; x_wconf 91' lang='lat' dir='ltr'><strong>y</strong></span> <span class='ocrx_word' id='word_1_98' title='bbox 1341 829 1449 870; x_wconf 89' lang='lat' dir='ltr'>para</span> <span class='ocrx_word' id='word_1_99' title='bbox 1472 815 1529 858; x_wconf 91' lang='lat' dir='ltr'>V.</span> <span class='ocrx_word' id='word_1_100' title='bbox 1557 816 1631 867; x_wconf 94' lang='lat' dir='ltr'>P.,</span> <span class='ocrx_word' id='word_1_101' title='bbox 1657 830 1687 871; x_wconf 88' lang='lat' dir='ltr'>y</span> <span class='ocrx_word' id='word_1_102' title='bbox 1708 829 1768 858; x_wconf 91' lang='lat' dir='ltr'>no</span> <span class='ocrx_word' id='word_1_103' title='bbox 1790 815 1869 859; x_wconf 80' lang='lat' dir='ltr'>dio</span> 
     </span>
     <span class='ocr_line' id='line_1_10' title="bbox 228 873 1869 931; baseline 0 -12"><span class='ocrx_word' id='word_1_104' title='bbox 228 883 326 919; x_wconf 87' lang='lat' dir='ltr'>esta</span> <span class='ocrx_word' id='word_1_105' title='bbox 347 874 591 919; x_wconf 83' lang='lat' dir='ltr'>comission</span> <span class='ocrx_word' id='word_1_106' title='bbox 613 874 655 917; x_wconf 89' lang='lat' dir='ltr'>al</span> <span class='ocrx_word' id='word_1_107' title='bbox 678 876 728 918; x_wconf 93' lang='lat' dir='ltr'>P.</span> <span class='ocrx_word' id='word_1_108' title='bbox 752 875 812 917; x_wconf 91' lang='lat' dir='ltr'>D.</span> <span class='ocrx_word' id='word_1_109' title='bbox 838 873 1004 917; x_wconf 91' lang='lat' dir='ltr'>Araoz.</span> <span class='ocrx_word' id='word_1_110' title='bbox 1030 874 1124 916; x_wconf 92' lang='lat' dir='ltr'>Por</span> <span class='ocrx_word' id='word_1_111' title='bbox 1145 881 1243 916; x_wconf 88' lang='lat' dir='ltr'>otra</span> <span class='ocrx_word' id='word_1_112' title='bbox 1265 880 1407 930; x_wconf 90' lang='lat' dir='ltr'>parte,</span> <span class='ocrx_word' id='word_1_113' title='bbox 1435 882 1562 918; x_wconf 91' lang='lat' dir='ltr'>tener</span> <span class='ocrx_word' id='word_1_114' title='bbox 1582 889 1663 930; x_wconf 89' lang='lat' dir='ltr'>por</span> <span class='ocrx_word' id='word_1_115' title='bbox 1690 875 1818 931; x_wconf 84' lang='lat' dir='ltr'>regla</span> <span class='ocrx_word' id='word_1_116' title='bbox 1838 878 1869 919; x_wconf 89' lang='grc' dir='ltr'>ὁ</span> 
     </span>
     <span class='ocr_line' id='line_1_11' title="bbox 228 931 1864 992; baseline 0.001 -15"><span class='ocrx_word' id='word_1_117' title='bbox 228 934 479 992; x_wconf 82' lang='lat' dir='ltr'>interprete</span> <span class='ocrx_word' id='word_1_118' title='bbox 499 934 558 978; x_wconf 92' lang='lat' dir='ltr'>de</span> <span class='ocrx_word' id='word_1_119' title='bbox 579 934 687 976; x_wconf 90' lang='lat' dir='ltr'>todo</span> <span class='ocrx_word' id='word_1_120' title='bbox 708 937 735 976; x_wconf 77' lang='lat' dir='ltr'>a</span> <span class='ocrx_word' id='word_1_121' title='bbox 757 933 800 976; x_wconf 92' lang='lat' dir='ltr'>la</span> <span class='ocrx_word' id='word_1_122' title='bbox 820 946 906 975; x_wconf 90' lang='lat' dir='ltr'>voz</span> <span class='ocrx_word' id='word_1_123' title='bbox 926 931 1034 975; x_wconf 92' lang='lat' dir='ltr'>viua</span> <span class='ocrx_word' id='word_1_124' title='bbox 1055 946 1145 988; x_wconf 92' lang='lat' dir='ltr'>que</span> <span class='ocrx_word' id='word_1_125' title='bbox 1165 936 1262 976; x_wconf 81' lang='lat' dir='ltr'>esta</span> <span class='ocrx_word' id='word_1_126' title='bbox 1289 940 1517 989; x_wconf 83' lang='lat' dir='ltr'><strong>presente,</strong></span> <span class='ocrx_word' id='word_1_127' title='bbox 1541 936 1569 976; x_wconf 90' lang='grc' dir='ltr'><strong>ό</strong></span> <span class='ocrx_word' id='word_1_128' title='bbox 1597 937 1693 977; x_wconf 80' lang='lat' dir='ltr'>mas</span> <span class='ocrx_word' id='word_1_129' title='bbox 1714 947 1864 987; x_wconf 86' lang='lat' dir='ltr'>cerea,</span> 
     </span>
     <span class='ocr_line' id='line_1_12' title="bbox 228 992 1869 1050; baseline -0.002 -12"><span class='ocrx_word' id='word_1_130' title='bbox 228 1008 392 1050; x_wconf 91' lang='lat' dir='ltr'>parece</span> <span class='ocrx_word' id='word_1_131' title='bbox 414 993 638 1038; x_wconf 89' lang='lat' dir='ltr'>conuiene</span> <span class='ocrx_word' id='word_1_132' title='bbox 659 996 757 1036; x_wconf 74' lang='lat' dir='ltr'>mas</span> <span class='ocrx_word' id='word_1_133' title='bbox 778 1006 887 1048; x_wconf 89' lang='lat' dir='ltr'>para</span> <span class='ocrx_word' id='word_1_134' title='bbox 907 1005 996 1048; x_wconf 92' lang='lat' dir='ltr'>que</span> <span class='ocrx_word' id='word_1_135' title='bbox 1022 995 1104 1035; x_wconf 77' lang='lat' dir='ltr'>aea</span> <span class='ocrx_word' id='word_1_136' title='bbox 1131 1006 1217 1048; x_wconf 90' lang='lat' dir='ltr'>aya</span> <span class='ocrx_word' id='word_1_137' title='bbox 1237 995 1334 1035; x_wconf 59' lang='lat' dir='ltr'>meis</span> <span class='ocrx_word' id='word_1_138' title='bbox 1361 1006 1444 1048; x_wconf 89' lang='lat' dir='ltr'>paz</span> <span class='ocrx_word' id='word_1_139' title='bbox 1471 1007 1501 1048; x_wconf 88' lang='lat' dir='ltr'>y</span> <span class='ocrx_word' id='word_1_140' title='bbox 1522 996 1619 1036; x_wconf 77' lang='lat' dir='ltr'>mas</span> <span class='ocrx_word' id='word_1_141' title='bbox 1645 992 1801 1045; x_wconf 86' lang='lat' dir='ltr'>vnio&#39;n,</span> <span class='ocrx_word' id='word_1_142' title='bbox 1836 1009 1869 1050; x_wconf 87' lang='lat' dir='ltr'>y</span> 
     </span>
     <span class='ocr_line' id='line_1_13' title="bbox 227 1051 1869 1110; baseline 0 -14"><span class='ocrx_word' id='word_1_143' title='bbox 227 1068 338 1110; x_wconf 82' lang='lat' dir='ltr'>para</span> <span class='ocrx_word' id='word_1_144' title='bbox 359 1068 419 1096; x_wconf 92' lang='lat' dir='ltr'>no</span> <span class='ocrx_word' id='word_1_145' title='bbox 441 1067 610 1109; x_wconf 89' lang='lat' dir='ltr'>ocupar</span> <span class='ocrx_word' id='word_1_146' title='bbox 631 1055 658 1096; x_wconf 72' lang='lat' dir='ltr'>a</span> <span class='ocrx_word' id='word_1_147' title='bbox 674 1053 731 1096; x_wconf 93' lang='lat' dir='ltr'>V.</span> <span class='ocrx_word' id='word_1_148' title='bbox 759 1053 812 1095; x_wconf 89' lang='lat' dir='ltr'>P.</span> <span class='ocrx_word' id='word_1_149' title='bbox 838 1064 926 1094; x_wconf 91' lang='lat' dir='ltr'>con</span> <span class='ocrx_word' id='word_1_150' title='bbox 946 1051 1155 1095; x_wconf 91' lang='lat' dir='ltr'>consulta</span> <span class='ocrx_word' id='word_1_151' title='bbox 1176 1051 1234 1095; x_wconf 93' lang='lat' dir='ltr'>de</span> <span class='ocrx_word' id='word_1_152' title='bbox 1262 1058 1411 1094; x_wconf 87' lang='lat' dir='ltr'>tantas</span> <span class='ocrx_word' id='word_1_153' title='bbox 1440 1065 1592 1105; x_wconf 86' lang='lat' dir='ltr'>cosas,</span> <span class='ocrx_word' id='word_1_154' title='bbox 1626 1067 1655 1108; x_wconf 90' lang='lat' dir='ltr'>y</span> <span class='ocrx_word' id='word_1_155' title='bbox 1677 1054 1869 1096; x_wconf 92' lang='lat' dir='ltr'>muchas</span> 
     </span>
     <span class='ocr_line' id='line_1_14' title="bbox 227 1110 1866 1158; baseline -0.001 -2"><span class='ocrx_word' id='word_1_156' title='bbox 227 1113 369 1158; x_wconf 90' lang='lat' dir='ltr'>dellas</span> <span class='ocrx_word' id='word_1_157' title='bbox 406 1112 641 1156; x_wconf 90' lang='lat' dir='ltr'>menudas.</span> <span class='ocrx_word' id='word_1_158' title='bbox 682 1113 834 1156; x_wconf 90' lang='lat' dir='ltr'>Deseo</span> <span class='ocrx_word' id='word_1_159' title='bbox 869 1111 1035 1154; x_wconf 93' lang='lat' dir='ltr'>mucho</span> <span class='ocrx_word' id='word_1_160' title='bbox 1063 1111 1195 1154; x_wconf 88' lang='lat' dir='ltr'>saber</span> <span class='ocrx_word' id='word_1_161' title='bbox 1220 1110 1264 1154; x_wconf 93' lang='lat' dir='ltr'>la</span> <span class='ocrx_word' id='word_1_162' title='bbox 1291 1111 1508 1155; x_wconf 89' lang='lat' dir='ltr'>voluntad</span> <span class='ocrx_word' id='word_1_163' title='bbox 1542 1111 1600 1154; x_wconf 92' lang='lat' dir='ltr'>de</span> <span class='ocrx_word' id='word_1_164' title='bbox 1626 1113 1685 1154; x_wconf 91' lang='grc' dir='ltr'>Ν.</span> <span class='ocrx_word' id='word_1_165' title='bbox 1720 1113 1772 1155; x_wconf 91' lang='grc' dir='ltr'>Ρ.</span> <span class='ocrx_word' id='word_1_166' title='bbox 1806 1126 1866 1156; x_wconf 91' lang='lat' dir='ltr'>en</span> 
     </span>
    </p>
   </div>
   <div class='ocr_carea' id='block_1_3' title="bbox 228 1174 462 1216">
    <p class='ocr_par' dir='ltr' id='par_1_4' title="bbox 228 1174 462 1216">
     <span class='ocr_line' id='line_1_15' title="bbox 228 1174 462 1216; baseline -0.004 0"><span class='ocrx_word' id='word_1_167' title='bbox 228 1179 402 1216; x_wconf 91' lang='lat' dir='ltr'>esto....</span> <span class='ocrx_word' id='word_1_168' title='bbox 434 1174 462 1215; x_wconf 90' lang='lat'>¹.</span> 
     </span>
    </p>
   </div>
   <div class='ocr_carea' id='block_1_4' title="bbox 583 1331 1510 1456">
    <p class='ocr_par' dir='ltr' id='par_1_5' title="bbox 583 1331 1510 1456">
     <span class='ocr_line' id='line_1_16' title="bbox 964 1331 1120 1375; baseline 0 -1"><span class='ocrx_word' id='word_1_169' title='bbox 964 1331 1120 1375; x_wconf 91' lang='lat' dir='ltr'>XXXI</span> 
     </span>
     <span class='ocr_line' id='line_1_17' title="bbox 583 1398 1510 1456; baseline -0.001 -1"><span class='ocrx_word' id='word_1_170' title='bbox 583 1419 904 1456; x_wconf 85' lang='lat' dir='ltr'>EXCERPTUM</span> <span class='ocrx_word' id='word_1_171' title='bbox 929 1419 999 1455; x_wconf 86' lang='lat' dir='ltr'>Ex</span> <span class='ocrx_word' id='word_1_172' title='bbox 1025 1398 1510 1456; x_wconf 84' lang='lat' dir='ltr'>INSTRUCTIONIBUS</span> 
     </span>
    </p>
   </div>
   <div class='ocr_carea' id='block_1_5' title="bbox 815 1495 1268 1542">
    <p class='ocr_par' dir='ltr' id='par_1_6' title="bbox 815 1495 1268 1542">
     <span class='ocr_line' id='line_1_18' title="bbox 815 1495 1268 1542; baseline -0.007 0"><span class='ocrx_word' id='word_1_173' title='bbox 815 1510 985 1542; x_wconf 81' lang='lat' dir='ltr'>PATRIS</span> <span class='ocrx_word' id='word_1_174' title='bbox 1008 1509 1215 1541; x_wconf 78' lang='lat' dir='ltr'>NATAms</span> <span class='ocrx_word' id='word_1_175' title='bbox 1238 1495 1268 1539; x_wconf 81' lang='lat'>².</span> 
     </span>
    </p>
   </div>
   <div class='ocr_carea' id='block_1_6' title="bbox 227 1584 1865 2118">
    <p class='ocr_par' dir='ltr' id='par_1_7' title="bbox 227 1584 1865 2118">
     <span class='ocr_line' id='line_1_19' title="bbox 319 1584 1862 1642; baseline 0 -12"><span class='ocrx_word' id='word_1_176' title='bbox 319 1587 460 1642; x_wconf 76' lang='lat' dir='ltr'>Quod</span> <span class='ocrx_word' id='word_1_177' title='bbox 481 1586 652 1630; x_wconf 91' lang='lat' dir='ltr'>dictum</span> <span class='ocrx_word' id='word_1_178' title='bbox 674 1593 743 1631; x_wconf 92' lang='lat' dir='ltr'>est</span> <span class='ocrx_word' id='word_1_179' title='bbox 764 1601 792 1630; x_wconf 92' lang='grc'>3</span> <span class='ocrx_word' id='word_1_180' title='bbox 817 1584 1126 1630; x_wconf 84' lang='lat' dir='ltr'>commissario</span> <span class='ocrx_word' id='word_1_181' title='bbox 1154 1584 1356 1641; x_wconf 89' lang='lat' dir='ltr'>generali</span> <span class='ocrx_word' id='word_1_182' title='bbox 1389 1584 1670 1641; x_wconf 84' lang='lat' dir='ltr'>Hieronymo</span> <span class='ocrx_word' id='word_1_183' title='bbox 1692 1587 1862 1639; x_wconf 90' lang='lat' dir='ltr'>Natali,</span> 
     </span>
     <span class='ocr_line' id='line_1_20' title="bbox 227 1644 1862 1700; baseline 0 -11"><span class='ocrx_word' id='word_1_184' title='bbox 227 1660 280 1690; x_wconf 91' lang='grc'>30</span> <span class='ocrx_word' id='word_1_185' title='bbox 301 1646 558 1690; x_wconf 80' lang='lat' dir='ltr'>executioni</span> <span class='ocrx_word' id='word_1_186' title='bbox 579 1647 736 1689; x_wconf 86' lang='lat' dir='ltr'>datum</span> <span class='ocrx_word' id='word_1_187' title='bbox 758 1645 911 1699; x_wconf 84' lang='lat' dir='ltr'>fuerit,</span> <span class='ocrx_word' id='word_1_188' title='bbox 935 1659 1027 1688; x_wconf 92' lang='lat' dir='ltr'>non</span> <span class='ocrx_word' id='word_1_189' title='bbox 1048 1645 1290 1688; x_wconf 88' lang='lat' dir='ltr'>mutabunt</span> <span class='ocrx_word' id='word_1_190' title='bbox 1312 1644 1612 1700; x_wconf 90' lang='lat' dir='ltr'>prouinciales</span> <span class='ocrx_word' id='word_1_191' title='bbox 1634 1660 1715 1689; x_wconf 89' lang='lat' dir='ltr'>seu</span> <span class='ocrx_word' id='word_1_192' title='bbox 1733 1660 1862 1689; x_wconf 91' lang='lat' dir='ltr'>com-</span> 
     </span>
     <span class='ocr_line' id='line_1_21' title="bbox 227 1703 1859 1762; baseline 0 -14"><span class='ocrx_word' id='word_1_193' title='bbox 227 1705 435 1758; x_wconf 86' lang='lat' dir='ltr'>missarii,</span> <span class='ocrx_word' id='word_1_194' title='bbox 462 1707 599 1749; x_wconf 90' lang='lat' dir='ltr'>Patre</span> <span class='ocrx_word' id='word_1_195' title='bbox 620 1706 787 1749; x_wconf 91' lang='lat' dir='ltr'>Nostro</span> <span class='ocrx_word' id='word_1_196' title='bbox 814 1703 1016 1762; x_wconf 88' lang='lat' dir='ltr'>generali</span> <span class='ocrx_word' id='word_1_197' title='bbox 1046 1703 1319 1748; x_wconf 89' lang='lat' dir='ltr'>inconsulto.</span> <span class='ocrx_word' id='word_1_198' title='bbox 1357 1705 1494 1759; x_wconf 79' lang='lat' dir='ltr'>Quod</span> <span class='ocrx_word' id='word_1_199' title='bbox 1526 1711 1677 1748; x_wconf 90' lang='lat' dir='ltr'>autem</span> <span class='ocrx_word' id='word_1_200' title='bbox 1710 1706 1764 1747; x_wconf 85' lang='lat' dir='ltr'>ad</span> <span class='ocrx_word' id='word_1_201' title='bbox 1789 1720 1859 1749; x_wconf 92' lang='lat' dir='ltr'>re-</span> 
     </span>
     <span class='ocr_line' id='line_1_22' title="bbox 228 1763 1861 1821; baseline 0.001 -14"><span class='ocrx_word' id='word_1_202' title='bbox 228 1764 351 1820; x_wconf 91' lang='lat' dir='ltr'>liqua</span> <span class='ocrx_word' id='word_1_203' title='bbox 377 1771 574 1821; x_wconf 89' lang='lat' dir='ltr'>spectat,</span> <span class='ocrx_word' id='word_1_204' title='bbox 609 1778 726 1820; x_wconf 92' lang='lat' dir='ltr'>quae</span> <span class='ocrx_word' id='word_1_205' title='bbox 755 1765 853 1821; x_wconf 89' lang='lat' dir='ltr'>ipse</span> <span class='ocrx_word' id='word_1_206' title='bbox 882 1763 1119 1820; x_wconf 86' lang='lat' dir='ltr'>disposuit,</span> <span class='ocrx_word' id='word_1_207' title='bbox 1155 1776 1363 1819; x_wconf 91' lang='lat' dir='ltr'>quaeque</span> <span class='ocrx_word' id='word_1_208' title='bbox 1394 1763 1440 1806; x_wconf 92' lang='lat' dir='ltr'>in</span> <span class='ocrx_word' id='word_1_209' title='bbox 1474 1778 1559 1806; x_wconf 92' lang='lat' dir='ltr'>usu</span> <span class='ocrx_word' id='word_1_210' title='bbox 1593 1765 1742 1807; x_wconf 82' lang='lat' dir='ltr'>adhuc</span> <span class='ocrx_word' id='word_1_211' title='bbox 1770 1780 1861 1808; x_wconf 90' lang='lat' dir='ltr'>non</span> 
     </span>
     <span class='ocr_line' id='line_1_23' title="bbox 229 1821 1863 1878; baseline 0 -11"><span class='ocrx_word' id='word_1_212' title='bbox 229 1823 336 1877; x_wconf 90' lang='lat' dir='ltr'>sint,</span> <span class='ocrx_word' id='word_1_213' title='bbox 361 1830 521 1867; x_wconf 88' lang='lat' dir='ltr'>curent</span> <span class='ocrx_word' id='word_1_214' title='bbox 544 1832 594 1867; x_wconf 92' lang='lat' dir='ltr'>ut</span> <span class='ocrx_word' id='word_1_215' title='bbox 613 1838 667 1868; x_wconf 89' lang='lat' dir='ltr'>ea</span> <span class='ocrx_word' id='word_1_216' title='bbox 682 1824 846 1867; x_wconf 90' lang='lat' dir='ltr'>dentur</span> <span class='ocrx_word' id='word_1_217' title='bbox 872 1822 1144 1868; x_wconf 86' lang='lat' dir='ltr'>executioni:</span> <span class='ocrx_word' id='word_1_218' title='bbox 1170 1821 1257 1865; x_wconf 88' lang='lat' dir='ltr'>nisi</span> <span class='ocrx_word' id='word_1_219' title='bbox 1284 1832 1491 1867; x_wconf 90' lang='lat' dir='ltr'>occurret</span> <span class='ocrx_word' id='word_1_220' title='bbox 1524 1822 1590 1866; x_wconf 93' lang='lat' dir='ltr'>eis</span> <span class='ocrx_word' id='word_1_221' title='bbox 1612 1822 1781 1878; x_wconf 89' lang='lat' dir='ltr'>aliquid</span> <span class='ocrx_word' id='word_1_222' title='bbox 1803 1825 1863 1867; x_wconf 92' lang='lat' dir='ltr'>de</span> 
     </span>
     <span class='ocr_line' id='line_1_24' title="bbox 228 1881 1862 1938; baseline 0 -12"><span class='ocrx_word' id='word_1_223' title='bbox 228 1883 417 1927; x_wconf 91' lang='lat' dir='ltr'>consilio</span> <span class='ocrx_word' id='word_1_224' title='bbox 438 1897 623 1926; x_wconf 90' lang='lat' dir='ltr'>suorum</span> <span class='ocrx_word' id='word_1_225' title='bbox 646 1881 1017 1935; x_wconf 89' lang='lat' dir='ltr'>consiliariorum,</span> <span class='ocrx_word' id='word_1_226' title='bbox 1042 1884 1164 1926; x_wconf 91' lang='lat' dir='ltr'>unde</span> <span class='ocrx_word' id='word_1_227' title='bbox 1186 1882 1320 1938; x_wconf 93' lang='lat' dir='ltr'>pleno</span> <span class='ocrx_word' id='word_1_228' title='bbox 1342 1881 1510 1925; x_wconf 91' lang='lat' dir='ltr'>iudicio</span> <span class='ocrx_word' id='word_1_229' title='bbox 1532 1891 1772 1927; x_wconf 87' lang='lat' dir='ltr'>censerent</span> <span class='ocrx_word' id='word_1_230' title='bbox 1798 1883 1862 1926; x_wconf 90' lang='lat' dir='ltr'>rei</span> 
     </span>
     <span class='ocr_line' id='line_1_25' title="bbox 229 1941 1865 1998; baseline 0.001 -13"><span class='ocrx_word' id='word_1_231' title='bbox 229 1942 420 1986; x_wconf 91' lang='lat' dir='ltr'>alicuius</span> <span class='ocrx_word' id='word_1_232' title='bbox 448 1942 761 1986; x_wconf 89' lang='lat' dir='ltr'>executionem</span> <span class='ocrx_word' id='word_1_233' title='bbox 787 1955 886 1987; x_wconf 88' lang='lat' dir='ltr'>esse</span> <span class='ocrx_word' id='word_1_234' title='bbox 913 1942 1300 1998; x_wconf 89' lang='lat' dir='ltr'>suspendendam;</span> <span class='ocrx_word' id='word_1_235' title='bbox 1332 1947 1442 1983; x_wconf 90' lang='lat' dir='ltr'>tunc</span> <span class='ocrx_word' id='word_1_236' title='bbox 1472 1941 1592 1984; x_wconf 90' lang='lat' dir='ltr'>enim</span> <span class='ocrx_word' id='word_1_237' title='bbox 1622 1942 1787 1998; x_wconf 89' lang='lat' dir='ltr'>poterit</span> <span class='ocrx_word' id='word_1_238' title='bbox 1809 1957 1865 1987; x_wconf 81' lang='lat' dir='ltr'>ea</span> 
     </span>
     <span class='ocr_line' id='line_1_26' title="bbox 228 2000 1862 2059; baseline 0 -15"><span class='ocrx_word' id='word_1_239' title='bbox 228 2003 331 2059; x_wconf 86' lang='lat' dir='ltr'>lege</span> <span class='ocrx_word' id='word_1_240' title='bbox 353 2001 472 2044; x_wconf 89' lang='lat' dir='ltr'>illius</span> <span class='ocrx_word' id='word_1_241' title='bbox 494 2001 558 2046; x_wconf 89' lang='lat' dir='ltr'>rei</span> <span class='ocrx_word' id='word_1_242' title='bbox 580 2001 895 2045; x_wconf 88' lang='lat' dir='ltr'>executionem</span> <span class='ocrx_word' id='word_1_243' title='bbox 927 2001 1220 2057; x_wconf 90' lang='lat' dir='ltr'>suspendere,</span> <span class='ocrx_word' id='word_1_244' title='bbox 1250 2000 1289 2044; x_wconf 90' lang='lat' dir='ltr'>si</span> <span class='ocrx_word' id='word_1_245' title='bbox 1320 2001 1377 2043; x_wconf 92' lang='lat' dir='ltr'>de</span> <span class='ocrx_word' id='word_1_246' title='bbox 1410 2015 1459 2045; x_wconf 91' lang='lat' dir='ltr'>re</span> <span class='ocrx_word' id='word_1_247' title='bbox 1487 2007 1603 2052; x_wconf 91' lang='lat' dir='ltr'>tota,</span> <span class='ocrx_word' id='word_1_248' title='bbox 1630 2002 1862 2058; x_wconf 79' lang='lat' dir='ltr'>quampri-</span> 
     </span>
     <span class='ocr_line' id='line_1_27' title="bbox 228 2060 1664 2118; baseline 0.001 -15"><span class='ocrx_word' id='word_1_249' title='bbox 228 2076 354 2104; x_wconf 91' lang='lat' dir='ltr'>mum</span> <span class='ocrx_word' id='word_1_250' title='bbox 375 2060 474 2105; x_wconf 89' lang='lat' dir='ltr'>fieri</span> <span class='ocrx_word' id='word_1_251' title='bbox 495 2067 648 2116; x_wconf 84' lang='lat' dir='ltr'>queat,</span> <span class='ocrx_word' id='word_1_252' title='bbox 674 2062 728 2104; x_wconf 92' lang='lat' dir='ltr'>R.</span> <span class='ocrx_word' id='word_1_253' title='bbox 755 2062 808 2104; x_wconf 92' lang='lat' dir='ltr'>P.</span> <span class='ocrx_word' id='word_1_254' title='bbox 833 2062 890 2105; x_wconf 93' lang='lat' dir='ltr'>N.</span> <span class='ocrx_word' id='word_1_255' title='bbox 917 2061 1175 2118; x_wconf 86' lang='lat' dir='ltr'>generalem</span> <span class='ocrx_word' id='word_1_256' title='bbox 1199 2060 1390 2103; x_wconf 85' lang='lat' dir='ltr'>reddant</span> <span class='ocrx_word' id='word_1_257' title='bbox 1410 2060 1664 2104; x_wconf 89' lang='lat' dir='ltr'>certiorem.</span> 
     </span>
    </p>
   </div>
   <div class='ocr_carea' id='block_1_7' title="bbox 232 2173 512 2180">
    <p class='ocr_par' dir='ltr' id='par_1_8' title="bbox 232 2173 512 2180">
     <span class='ocr_line' id='line_1_28' title="bbox 232 2173 512 2180; baseline 0 0"><span class='ocrx_word' id='word_1_258' title='bbox 232 2173 512 2180; x_wconf 95' lang='lat' dir='ltr'> </span> 
     </span>
    </p>
   </div>
   <div class='ocr_carea' id='block_1_8' title="bbox 225 2237 1866 2711">
    <p class='ocr_par' dir='ltr' id='par_1_9' title="bbox 225 2237 1866 2464">
     <span class='ocr_line' id='line_1_29' title="bbox 302 2237 1866 2285; baseline -0.002 -11"><span class='ocrx_word' id='word_1_259' title='bbox 302 2240 312 2260; x_wconf 90' lang='lat'>¹</span> <span class='ocrx_word' id='word_1_260' title='bbox 363 2238 580 2285; x_wconf 89' lang='lat' dir='ltr'>Responsio</span> <span class='ocrx_word' id='word_1_261' title='bbox 597 2237 756 2274; x_wconf 90' lang='lat' dir='ltr'>Polanci</span> <span class='ocrx_word' id='word_1_262' title='bbox 779 2237 820 2274; x_wconf 85' lang='lat' dir='ltr'>in</span> <span class='ocrx_word' id='word_1_263' title='bbox 844 2238 1032 2284; x_wconf 83' lang='lat' dir='ltr'>margine:</span> <span class='ocrx_word' id='word_1_264' title='bbox 1060 2239 1178 2274; x_wconf 65' lang='lat' dir='ltr'>Vdase</span> <span class='ocrx_word' id='word_1_265' title='bbox 1193 2238 1231 2273; x_wconf 90' lang='lat' dir='ltr'>lo</span> <span class='ocrx_word' id='word_1_266' title='bbox 1254 2249 1327 2284; x_wconf 82' lang='lat' dir='ltr'>que</span> <span class='ocrx_word' id='word_1_267' title='bbox 1351 2237 1438 2272; x_wconf 80' lang='lat' dir='ltr'>dize</span> <span class='ocrx_word' id='word_1_268' title='bbox 1464 2237 1502 2273; x_wconf 85' lang='lat' dir='ltr'>el</span> <span class='ocrx_word' id='word_1_269' title='bbox 1521 2238 1574 2272; x_wconf 90' lang='grc' dir='ltr'>Ρ.</span> <span class='ocrx_word' id='word_1_270' title='bbox 1599 2237 1750 2272; x_wconf 85' lang='lat' dir='ltr'>Nadal:</span> <span class='ocrx_word' id='word_1_271' title='bbox 1776 2248 1866 2271; x_wconf 83' lang='lat' dir='ltr'>mas</span> 
     </span>
     <span class='ocr_line' id='line_1_30' title="bbox 227 2284 1861 2333; baseline -0.001 -13"><span class='ocrx_word' id='word_1_272' title='bbox 227 2284 268 2320; x_wconf 89' lang='lat' dir='ltr'>in</span> <span class='ocrx_word' id='word_1_273' title='bbox 284 2296 430 2331; x_wconf 83' lang='lat' dir='ltr'>genere</span> <span class='ocrx_word' id='word_1_274' title='bbox 450 2289 594 2333; x_wconf 78' lang='lat' dir='ltr'>parece</span> <span class='ocrx_word' id='word_1_275' title='bbox 617 2297 691 2332; x_wconf 82' lang='lat' dir='ltr'>que</span> <span class='ocrx_word' id='word_1_276' title='bbox 720 2286 818 2321; x_wconf 82' lang='lat' dir='ltr'>deue</span> <span class='ocrx_word' id='word_1_277' title='bbox 845 2286 986 2333; x_wconf 80' lang='lat' dir='ltr'>seguir</span> <span class='ocrx_word' id='word_1_278' title='bbox 1014 2287 1056 2321; x_wconf 84' lang='lat' dir='ltr'>la</span> <span class='ocrx_word' id='word_1_279' title='bbox 1084 2287 1209 2321; x_wconf 82' lang='lat' dir='ltr'>orden</span> <span class='ocrx_word' id='word_1_280' title='bbox 1238 2297 1311 2331; x_wconf 84' lang='lat' dir='ltr'>que</span> <span class='ocrx_word' id='word_1_281' title='bbox 1342 2285 1524 2320; x_wconf 81' lang='lat' dir='ltr'>entiende</span> <span class='ocrx_word' id='word_1_282' title='bbox 1554 2285 1618 2320; x_wconf 86' lang='lat' dir='ltr'>del</span> <span class='ocrx_word' id='word_1_283' title='bbox 1643 2285 1816 2331; x_wconf 85' lang='lat' dir='ltr'>general</span> <span class='ocrx_word' id='word_1_284' title='bbox 1836 2297 1861 2330; x_wconf 80' lang='lat' dir='ltr'><em>y</em></span> 
     </span>
     <span class='ocr_line' id='line_1_31' title="bbox 229 2332 1860 2379; baseline -0.001 -12"><span class='ocrx_word' id='word_1_285' title='bbox 229 2333 282 2367; x_wconf 90' lang='lat' dir='ltr'>P.</span> <span class='ocrx_word' id='word_1_286' title='bbox 306 2332 458 2379; x_wconf 16' lang='lat' dir='ltr'>Nadlal.</span> <span class='ocrx_word' id='word_1_287' title='bbox 484 2334 530 2369; x_wconf 87' lang='lat' dir='ltr'>Si</span> <span class='ocrx_word' id='word_1_288' title='bbox 545 2336 636 2368; x_wconf 84' lang='lat' dir='ltr'>otra</span> <span class='ocrx_word' id='word_1_289' title='bbox 659 2344 749 2368; x_wconf 86' lang='lat' dir='ltr'>cosa</span> <span class='ocrx_word' id='word_1_290' title='bbox 771 2333 807 2369; x_wconf 86' lang='lat' dir='ltr'>le</span> <span class='ocrx_word' id='word_1_291' title='bbox 830 2335 982 2369; x_wconf 83' lang='lat' dir='ltr'>ordena</span> <span class='ocrx_word' id='word_1_292' title='bbox 1011 2334 1047 2370; x_wconf 81' lang='lat' dir='ltr'>el</span> <span class='ocrx_word' id='word_1_293' title='bbox 1070 2333 1303 2369; x_wconf 80' lang='lat' dir='ltr'>comissario</span> <span class='ocrx_word' id='word_1_294' title='bbox 1328 2344 1376 2367; x_wconf 85' lang='lat' dir='ltr'>en</span> <span class='ocrx_word' id='word_1_295' title='bbox 1396 2332 1643 2378; x_wconf 79' lang='lat' dir='ltr'>particular,</span> <span class='ocrx_word' id='word_1_296' title='bbox 1670 2332 1712 2366; x_wconf 87' lang='lat' dir='ltr'>la</span> <span class='ocrx_word' id='word_1_297' title='bbox 1734 2333 1860 2378; x_wconf 79' lang='lat' dir='ltr'>haga,</span> 
     </span>
     <span class='ocr_line' id='line_1_32' title="bbox 225 2380 1863 2427; baseline -0.001 -13"><span class='ocrx_word' id='word_1_298' title='bbox 225 2380 363 2415; x_wconf 83' lang='lat' dir='ltr'>siendo</span> <span class='ocrx_word' id='word_1_299' title='bbox 385 2380 620 2427; x_wconf 85' lang='lat' dir='ltr'>informado</span> <span class='ocrx_word' id='word_1_300' title='bbox 643 2380 707 2415; x_wconf 82' lang='lat' dir='ltr'>del</span> <span class='ocrx_word' id='word_1_301' title='bbox 730 2381 855 2416; x_wconf 81' lang='lat' dir='ltr'>orden</span> <span class='ocrx_word' id='word_1_302' title='bbox 878 2381 942 2416; x_wconf 85' lang='lat' dir='ltr'>del</span> <span class='ocrx_word' id='word_1_303' title='bbox 974 2382 1029 2416; x_wconf 89' lang='lat' dir='ltr'>P.</span> <span class='ocrx_word' id='word_1_304' title='bbox 1058 2380 1195 2416; x_wconf 83' lang='lat' dir='ltr'>Nadal</span> <span class='ocrx_word' id='word_1_305' title='bbox 1219 2381 1254 2416; x_wconf 87' lang='lat' dir='ltr'>le</span> <span class='ocrx_word' id='word_1_306' title='bbox 1283 2380 1369 2415; x_wconf 82' lang='lat' dir='ltr'>dize</span> <span class='ocrx_word' id='word_1_307' title='bbox 1387 2382 1488 2414; x_wconf 83' lang='lat' dir='ltr'>otro:</span> <span class='ocrx_word' id='word_1_308' title='bbox 1515 2380 1646 2426; x_wconf 78' lang='lat' dir='ltr'>puede</span> <span class='ocrx_word' id='word_1_309' title='bbox 1675 2390 1722 2414; x_wconf 85' lang='lat' dir='ltr'>en</span> <span class='ocrx_word' id='word_1_310' title='bbox 1749 2381 1863 2413; x_wconf 83' lang='lat' dir='ltr'>tanto</span> 
     </span>
     <span class='ocr_line' id='line_1_33' title="bbox 226 2427 961 2464; baseline 0.001 -2"><span class='ocrx_word' id='word_1_311' title='bbox 226 2427 455 2463; x_wconf 76' lang='lat' dir='ltr'>scriuirsele</span> <span class='ocrx_word' id='word_1_312' title='bbox 470 2440 579 2464; x_wconf 89' lang='lat' dir='ltr'>como</span> <span class='ocrx_word' id='word_1_313' title='bbox 596 2430 622 2463; x_wconf 85' lang='grc' dir='ltr'><em>ά</em></span> <span class='ocrx_word' id='word_1_314' title='bbox 649 2427 961 2464; x_wconf 72' lang='lat' dir='ltr'>Valderrdbano.</span> 
     </span>
    </p>

    <p class='ocr_par' dir='ltr' id='par_1_10' title="bbox 228 2472 1864 2711">
     <span class='ocr_line' id='line_1_34' title="bbox 300 2472 1864 2521; baseline -0.001 -11"><span class='ocrx_word' id='word_1_315' title='bbox 300 2477 313 2496; x_wconf 77' lang='lat'><em>²</em></span> <span class='ocrx_word' id='word_1_316' title='bbox 364 2476 422 2510; x_wconf 89' lang='lat' dir='ltr'>Ex</span> <span class='ocrx_word' id='word_1_317' title='bbox 443 2474 542 2511; x_wconf 81' lang='lat' dir='ltr'>cod.</span> <span class='ocrx_word' id='word_1_318' title='bbox 564 2484 602 2521; x_wconf 92' lang='lat'>7,</span> <span class='ocrx_word' id='word_1_319' title='bbox 620 2474 692 2511; x_wconf 87' lang='lat' dir='ltr'>fol.</span> <span class='ocrx_word' id='word_1_320' title='bbox 716 2484 737 2510; x_wconf 88' lang='lat'>2</span> <span class='ocrx_word' id='word_1_321' title='bbox 754 2487 786 2519; x_wconf 91' lang='lat' dir='ltr'>r,</span> <span class='ocrx_word' id='word_1_322' title='bbox 805 2474 908 2511; x_wconf 87' lang='lat' dir='ltr'>inter</span> <span class='ocrx_word' id='word_1_323' title='bbox 924 2475 1201 2511; x_wconf 86' lang='lat' dir='ltr'>instructiones</span> <span class='ocrx_word' id='word_1_324' title='bbox 1219 2486 1240 2510; x_wconf 90' lang='lat' dir='ltr'>a</span> <span class='ocrx_word' id='word_1_325' title='bbox 1258 2474 1388 2510; x_wconf 88' lang='lat' dir='ltr'>Natali</span> <span class='ocrx_word' id='word_1_326' title='bbox 1411 2474 1572 2510; x_wconf 84' lang='lat' dir='ltr'>traditas</span> <span class='ocrx_word' id='word_1_327' title='bbox 1595 2472 1864 2509; x_wconf 85' lang='lat' dir='ltr'>commissario</span> 
     </span>
     <span class='ocr_line' id='line_1_35' title="bbox 230 2520 1862 2570; baseline -0.001 -13"><span class='ocrx_word' id='word_1_328' title='bbox 230 2521 395 2566; x_wconf 84' lang='lat' dir='ltr'>Galliae,</span> <span class='ocrx_word' id='word_1_329' title='bbox 422 2535 543 2569; x_wconf 86' lang='lat' dir='ltr'>«quae</span> <span class='ocrx_word' id='word_1_330' title='bbox 567 2522 711 2570; x_wconf 86' lang='lat' dir='ltr'>poterit</span> <span class='ocrx_word' id='word_1_331' title='bbox 734 2522 1030 2567; x_wconf 87' lang='lat' dir='ltr'>accommodari,</span> <span class='ocrx_word' id='word_1_332' title='bbox 1054 2534 1132 2558; x_wconf 91' lang='lat' dir='ltr'>non</span> <span class='ocrx_word' id='word_1_333' title='bbox 1156 2524 1280 2558; x_wconf 88' lang='lat' dir='ltr'>solum</span> <span class='ocrx_word' id='word_1_334' title='bbox 1303 2521 1595 2567; x_wconf 84' lang='lat' dir='ltr'>commissariis,</span> <span class='ocrx_word' id='word_1_335' title='bbox 1620 2521 1689 2556; x_wconf 90' lang='lat' dir='ltr'>sed</span> <span class='ocrx_word' id='word_1_336' title='bbox 1707 2520 1862 2567; x_wconf 91' lang='lat' dir='ltr'>provin-</span> 
     </span>
     <span class='ocr_line' id='line_1_36' title="bbox 229 2568 1861 2617; baseline -0.001 -14"><span class='ocrx_word' id='word_1_337' title='bbox 229 2568 393 2604; x_wconf 84' lang='lat' dir='ltr'>cialibus</span> <span class='ocrx_word' id='word_1_338' title='bbox 418 2573 576 2606; x_wconf 85' lang='lat' dir='ltr'>etiam».</span> <span class='ocrx_word' id='word_1_339' title='bbox 607 2569 706 2605; x_wconf 89' lang='lat' dir='ltr'>Vide</span> <span class='ocrx_word' id='word_1_340' title='bbox 732 2570 865 2617; x_wconf 82' lang='lat' dir='ltr'>Epist.</span> <span class='ocrx_word' id='word_1_341' title='bbox 890 2571 1053 2616; x_wconf 57' lang='lat' dir='ltr'>Nutal„</span> <span class='ocrx_word' id='word_1_342' title='bbox 1080 2571 1113 2614; x_wconf 94' lang='lat'>1,</span> <span class='ocrx_word' id='word_1_343' title='bbox 1132 2579 1236 2605; x_wconf 87' lang='lat' dir='ltr'>xxx.</span> <span class='ocrx_word' id='word_1_344' title='bbox 1266 2570 1375 2604; x_wconf 91' lang='lat' dir='ltr'>Haec</span> <span class='ocrx_word' id='word_1_345' title='bbox 1399 2569 1535 2605; x_wconf 90' lang='lat' dir='ltr'>eadem</span> <span class='ocrx_word' id='word_1_346' title='bbox 1555 2568 1759 2604; x_wconf 82' lang='lat' dir='ltr'>instructio</span> <span class='ocrx_word' id='word_1_347' title='bbox 1778 2578 1861 2614; x_wconf 91' lang='lat' dir='ltr'>pro-</span> 
     </span>
     <span class='ocr_line' id='line_1_37' title="bbox 229 2615 1863 2700; baseline -0.001 -49"><span class='ocrx_word' id='word_1_348' title='bbox 229 2617 461 2700; x_wconf 67' lang='lat' dir='ltr'>vaiaiiibus</span> <span class='ocrx_word' id='word_1_349' title='bbox 479 2617 691 2664; x_wconf 87' lang='lat' dir='ltr'>Hispaniae</span> <span class='ocrx_word' id='word_1_350' title='bbox 708 2617 798 2652; x_wconf 89' lang='lat' dir='ltr'>data</span> <span class='ocrx_word' id='word_1_351' title='bbox 810 2617 931 2654; x_wconf 89' lang='lat' dir='ltr'>fuisse</span> <span class='ocrx_word' id='word_1_352' title='bbox 946 2617 1114 2663; x_wconf 87' lang='lat' dir='ltr'>videtur,</span> <span class='ocrx_word' id='word_1_353' title='bbox 1129 2629 1178 2654; x_wconf 88' lang='lat' dir='ltr'>ex</span> <span class='ocrx_word' id='word_1_354' title='bbox 1192 2617 1254 2664; x_wconf 92' lang='lat' dir='ltr'>iis,</span> <span class='ocrx_word' id='word_1_355' title='bbox 1268 2628 1368 2664; x_wconf 90' lang='lat' dir='ltr'>quae</span> <span class='ocrx_word' id='word_1_356' title='bbox 1386 2617 1435 2652; x_wconf 93' lang='lat' dir='ltr'>P.</span> <span class='ocrx_word' id='word_1_357' title='bbox 1460 2616 1605 2652; x_wconf 89' lang='lat' dir='ltr'>Suarez</span> <span class='ocrx_word' id='word_1_358' title='bbox 1622 2615 1718 2652; x_wconf 88' lang='lat' dir='ltr'>dicit</span> <span class='ocrx_word' id='word_1_359' title='bbox 1731 2626 1863 2662; x_wconf 87' lang='lat' dir='ltr'>supra,</span> 
     </span>
     <span class='ocr_line' id='line_1_38' title="bbox 228 2666 568 2711; baseline 0.006 -13"><span class='ocrx_word' id='word_1_360' title='bbox 228 2674 355 2711; x_wconf 89' lang='lat' dir='ltr'>appen</span> <span class='ocrx_word' id='word_1_361' title='bbox 392 2691 420 2709; x_wconf 94' lang='lat'>.,</span> <span class='ocrx_word' id='word_1_362' title='bbox 439 2666 568 2700; x_wconf 89' lang='lat' dir='ltr'>XXX.</span> 
     </span>
    </p>
   </div>
  </div>
 </body>
</html>
