2196 3522
1078 283 1170 322 1555
1440 275 1449 282 '
1896 275 1946 323 ,37

297 378 435 422 domo
455 377 764 423 Gozadineae:
795 377 889 423 dixi
910 378 958 422 in
983 378 1056 423 his
1083 377 1194 435 quid
1222 379 1454 425 sentirem.
1487 379 1578 424 Hic
1598 379 1694 424 vidi
1714 379 1946 429 Salmero—

301 470 423 509 nem,
447 470 475 499 a
496 469 588 512 quo
609 455 767 499 audiui
785 457 838 499 P.
860 455 1089 513 Ignatium
1106 467 1198 500 vno
1214 456 1289 502 die
1309 457 1580 502 amand-asse
1596 472 1623 501 a
1639 456 1874 502 Societate
1888 471 1948 502 ex

299 531 496 590 collegio
534 532 798 590 germanico
835 534 1011 586 decem,
1043 541 1090 579 et
1117 548 1174 577 eo
1202 533 1277 579 die
1303 533 1454 578 visum
1481 533 1490 593 Ι
1516 535 1654 592 longe
1685 533 1945 578 hilariorem

299 609 452 654 solito.
477 609 568 654 Hic
596 610 752 667 accepi
778 610 933 655 literas
959 625 987 654 a
1016 612 1070 661 P.
1103 611 1300 668 Ignatio,
1320 618 1371 654 vt
1386 611 1581 656 redirem
1598 612 1657 656 ad
1685 611 1941 666 Simonem,

237 713 242 718 -
298 685 433 732 cuius
454 686 693 744 negotium
710 694 859 731 totum
875 686 986 731 mihi
1002 688 1156 740 dabat,
1177 687 1391 741 minatus,
1411 688 1450 732 si
1470 703 1563 732 non
1580 689 1749 734 rediret
1766 689 1824 732 ad
1840 689 1945 733 offi-

297 764 438 818 cium,
464 765 587 822 quod
608 765 666 808 ab
688 765 787 822 ipso
813 764 1174 818 desiderabatur,
1200 779 1251 809 se
1273 765 1467 822 amplius
1495 765 1616 809 illius
1644 781 1737 810 non
1758 765 1944 810 habitu-

300 856 402 885 rum
423 856 598 897 curam,
622 843 705 886 sed
725 842 848 886 illam
870 841 982 886 mihi
1002 841 1284 888 relicturum.

389 918 552 964 Dimisi
581 921 771 964 Romam
805 919 1101 964 Lambertum
1128 927 1175 964 et
1210 919 1521 964 Ambrosium.
1556 921 1657 977 Ego
1686 921 1840 977 accepi
1867 935 1943 964 so-

302 996 424 1040 cium
447 997 693 1041 Iohannem
716 996 903 1041 Nietum
931 997 960 1040 ¹.

391 1117 468 1160 5ss
489 1130 523 1160 v
957 1106 1186 1170 ΒΑεεΑΝι,
1223 1119 1288 1160 2.‘'

393 1229 481 1286 Egi
502 1243 682 1273 rursum
705 1243 809 1272 cum
832 1231 896 1273 M.
929 1228 1117 1274 Simone
1145 1228 1328 1274 nomine
1351 1231 1406 1274 Ρ.
1437 1229 1620 1288 Ignatij‚
1646 1236 1692 1275 et
1719 1230 1851 1287 plane
1874 1229 1944 1272 vi-

300 1306 444 1350 debar
459 1305 525 1349 vti
540 1319 675 1362 posse
691 1294 1018 1350 commissione¹
1031 1306 1181 1350 Patris
1202 1314 1252 1350 vt
1273 1306 1337 1350 illi
1359 1306 1667 1352 renuntiarem
1689 1322 1738 1351 se
1755 1322 1782 1350 a
1805 1309 1945 1351 Patre

301 1382 359 1426 ad
380 1395 454 1426 me
474 1382 710 1439 rejectum,
730 1383 812 1428 sed
833 1382 954 1426 illius
976 1383 1251 1428 infirmitatis
1268 1383 1433 1428 missus
1452 1382 1548 1443 [sic;
1569 1385 1787 1428 misertus
1802 1385 1834 1441 Ρ]
1859 1398 1944 1428 cu-

299 1459 398 1504 raui
419 1467 470 1504 vt
490 1459 570 1520 [in]
591 1459 790 1516 aliquam
811 1460 1168 1506 mediocritatem
1190 1461 1383 1516 veniret,
1407 1476 1499 1519 qua
1520 1477 1702 1519 possem
1726 1463 1779 1506 P.
1805 1463 1944 1519 Igna—

295 1537 348 1593 tij
365 1536 517 1582 animo
546 1537 824 1583 satisfacere:
856 1552 956 1583 eam
985 1546 1263 1583 consecutus
1290 1538 1496 1593 discessi,
1521 1546 1567 1583 et
1591 1547 1743 1584 tamen
1764 1553 1945 1596 semper

296 1614 442 1658 multa
462 1614 510 1657 in
531 1614 608 1658 illo
631 1616 767 1660 Patre
788 1614 1070 1668 desiderans,
1096 1615 1296 1661 satisfeci
1318 1624 1477 1674 postea
1500 1618 1553 1661 P.
1579 1617 1759 1674 Ignatio
1781 1618 1813 1660 ².

386 1735 457 1778 57
480 1749 513 1777 v
974 1736 1258 1781 Fannium

300 1883 306 1891 .
387 1847 512 1892 Nihil
533 1848 771 1905 impediuit
799 1849 1076 1906 ingressum,
1108 1849 1233 1906 prius
1259 1850 1382 1895 enim
1410 1851 1678 1909 impedierat
1699 1852 1822 1908 quod
1853 1854 1938 1896 Pa·-

297 1924 424 1968 tauio
445 1924 699 1970 veniebam.
726 1924 938 1979 Visitaui,
963 1933 1052 1970 etc.
1078 1927 1286 1972 Intellexi
1301 1929 1338 1972 F
1340 1928 1522 1973 actn'cis
1542 1928 1875 1986 benignitatem
1897 1937 1945 1975 et

243 1993 251 1999 ”
296 2002 612 2058 eleemosynas
633 2001 681 2046 in
702 2009 904 2055 nostros,
930 2010 976 2048 et
998 2004 1282 2050 voluntatem
1305 2019 1364 2050 ne
1386 2004 1492 2050 inde
1508 2007 1814 2051 abduceretur
1836 2007 1943 2052 Pel-

295 2077 497 2123 letarius.
522 2079 651 2123 Haec
685 2080 806 2124 bona
833 2087 1044 2124 matrona
1070 2095 1162 2125 non
1190 2082 1355 2136 solum,
1387 2097 1506 2139 quae
1533 2083 1708 2140 reliqua
1729 2082 1793 2127 illi
1813 2091 1946 2128 erant

293 2155 449 2200 omnia
470 2171 528 2201 ex
555 2156 805 2201 domestica
835 2156 1063 2214 impensa‚·
1081 2158 1209 2202 dabit
1229 2160 1414 2213 nostris,
1439 2161 1521 2204 sed
1541 2160 1678 2206 etiam
1700 2161 1944 2205 exercebat

298 2232 499 2290 negotia,
525 2233 692 2290 quibus
714 2242 869 2291 posset
890 2234 1175 2291 lucrifacere,
1198 2236 1275 2280 58
1296 2251 1415 2294 quae
1436 2238 1566 2282 daret
1587 2238 1770 2282 nostris.
1799 2239 1942 2282 Para—

299 2310 379 2352 bat
405 2309 543 2354 etiam
570 2311 736 2356 rectori
763 2311 917 2355 cibum
945 2311 1083 2366 domi,
1119 2314 1243 2369 quod
1271 2321 1342 2358 est
1374 2313 1685 2359 interdictum.
1716 2314 1939 2367 Intellexi,

298 2383 390 2446 [de]
411 2386 657 2443 indjscreto
679 2388 861 2435 feruore
888 2389 1084 2443 Iordani,
1115 2404 1257 2447 quum
1284 2391 1486 2436 venisset
1512 2393 1607 2436 dux
1628 2393 1686 2435 ad
1723 2392 1942 2449 templum

302 2470 509 2507 nostrum
547 2465 579 2508 ³.
612 2466 722 2509 Erat
754 2467 1059 2512 confessarius
1094 2467 1312 2525 episcopi,
1337 2468 1415 2525 filij
1455 2469 1601 2523 ducis,
1633 2477 1679 2514 et
1709 2469 1943 2513 institutor

306 2540 590 2596 Pelletarius,
613 2549 702 2586 etc.
723 2543 936 2588 Redierat
951 2545 1010 2588 ad
1026 2545 1162 2589 fidem
1178 2545 1447 2590 catholicam
1463 2546 1679 2590 duchissa
1693 2545 1942 2591 ministerio

304 2617 547 2674 Pelletarij.
574 2618 696 2663 Hinc
726 2619 936 2665 venimus
954 2621 1243 2677 Pelleltarius
1260 2629 1306 2667 et
1327 2637 1419 2680 ego
1442 2624 1714 2680 Argentam:
1740 2630 1839 2666 erat
1877 2622 1941 2666 ibi

298 2693 530 2740 infirmum
551 2694 844 2753 principium:
876 2705 974 2742 erat
1005 2698 1141 2742 unius
1169 2696 1218 2758 [ἓ]
1248 2699 1411 2744 domus
1439 2699 1790 2756 consequendae
1815 2714 1938 2756 spes,

372 2915 383 2936 ¹
434 2913 499 2950 Nil
514 2913 555 2949 in
568 2913 640 2950 fol.
665 2915 711 2960 56
724 2927 756 2951 r.
775 2917 965 2965 scriptum
980 2925 1058 2955 est.

370 2976 385 2996 ³
436 2974 524 3010 Fol.
548 2981 593 3019 57
619 2986 651 3010 r.
667 2986 836 3013 vacuum
851 2983 1047 3017 remanet.

301 3033 385 3128 CI:
435 3033 654 3127 Dexi¹⁰e3p⁸
679 3034 831 3081 Joanne
845 3036 1032 3085 jordano,
1047 3038 1211 3087 eJusque
1225 3039 1439 3077 indiscreto
1453 3039 1624 3087 fervore,
1639 3039 1695 3077 cf.
1715 3041 1940 3087 POLANCO,

365 3103 479 3134 ron„
538 3121 547 3139 ,
569 3100 584 3127 1
614 3102 653 3138 5.
