<?xml version="1.0" encoding="UTF-8"?>
<!DOCTYPE html PUBLIC "-//W3C//DTD XHTML 1.0 Transitional//EN"
    "http://www.w3.org/TR/xhtml1/DTD/xhtml1-transitional.dtd">
<html xmlns="http://www.w3.org/1999/xhtml" xml:lang="en" lang="en">
 <head>
  <title>
</title>
<meta http-equiv="Content-Type" content="text/html;charset=utf-8" />
  <meta name='ocr-system' content='tesseract 3.04.00' />
  <meta name='ocr-capabilities' content='ocr_page ocr_carea ocr_par ocr_line ocrx_word'/>
</head>
<body>
  <div class='ocr_page' id='page_1' title='image "./epistolaephieron02nadauoft_0706.png"; bbox 0 0 2196 3522; ppageno 0'>
   <div class='ocr_carea' id='block_1_1' title="bbox 1186 0 2100 42">
    <p class='ocr_par' dir='ltr' id='par_1_1' title="bbox 1186 0 2100 42">
     <span class='ocr_line' id='line_1_1' title="bbox 1186 0 2100 35; baseline 0.004 -26"><span class='ocrx_word' id='word_1_1' title='bbox 1186 0 1203 12; x_wconf 49' lang='grc' dir='ltr'>,ἡ</span> <span class='ocrx_word' id='word_1_2' title='bbox 1214 0 1253 21; x_wconf 34' lang='grc' dir='ltr'>’,ι-,ν</span> <span class='ocrx_word' id='word_1_3' title='bbox 1269 0 1350 29; x_wconf 39' lang='lat'>&amp;³⁸7⁰</span> <span class='ocrx_word' id='word_1_4' title='bbox 1363 0 1409 31; x_wconf 26' lang='grc' dir='ltr'>μὴ</span> <span class='ocrx_word' id='word_1_5' title='bbox 1421 0 1495 26; x_wconf 33' lang='grc' dir='ltr'>’,ι’-ζ]-</span> <span class='ocrx_word' id='word_1_6' title='bbox 1507 0 1528 14; x_wconf 72' lang='lat'>1..</span> <span class='ocrx_word' id='word_1_7' title='bbox 1534 0 1571 35; x_wconf 39' lang='lat'>¹1³5,-</span> <span class='ocrx_word' id='word_1_8' title='bbox 1586 0 1622 11; x_wconf 53' lang='lat' dir='ltr'>s*</span> <span class='ocrx_word' id='word_1_9' title='bbox 1632 0 1673 34; x_wconf 47' lang='lat' dir='ltr'>{fur</span> <span class='ocrx_word' id='word_1_10' title='bbox 1681 0 1934 35; x_wconf 51' lang='lat' dir='ltr'>··.›-x⁴“.’*-·&#39;⁴¹⁴²3&#39;‚&#39;1¹3</span> <span class='ocrx_word' id='word_1_11' title='bbox 1952 0 2100 35; x_wconf 38' lang='grc' dir='ltr'>ἵψι-Ιιξῧὲ,Α</span> 
     </span>
     <span class='ocr_line' id='line_1_2' title="bbox 1494 34 2067 42; baseline -0.002 -2"><span class='ocrx_word' id='word_1_12' title='bbox 1494 38 1501 40; x_wconf 59' lang='grc'>,</span> <span class='ocrx_word' id='word_1_13' title='bbox 1519 34 1523 37; x_wconf 62' lang='grc'><em>»</em></span> <span class='ocrx_word' id='word_1_14' title='bbox 1619 35 1621 37; x_wconf 80' lang='lat'><em>-</em></span> <span class='ocrx_word' id='word_1_15' title='bbox 1850 36 1853 37; x_wconf 22' lang='grc' dir='ltr'><em>ν</em></span> <span class='ocrx_word' id='word_1_16' title='bbox 1870 34 1871 37; x_wconf 65' lang='lat'>,</span> <span class='ocrx_word' id='word_1_17' title='bbox 2026 39 2027 42; x_wconf 68' lang='grc'>,</span> <span class='ocrx_word' id='word_1_18' title='bbox 2058 35 2067 42; x_wconf 45' lang='grc' dir='ltr'><strong>ν</strong></span> 
     </span>
    </p>
   </div>
   <div class='ocr_carea' id='block_1_2' title="bbox 2086 0 2196 272">
    <p class='ocr_par' dir='ltr' id='par_1_2' title="bbox 2086 0 2196 272">
     <span class='ocr_line' id='line_1_3' title="bbox 2086 0 2196 272; baseline 0 3250"><span class='ocrx_word' id='word_1_19' title='bbox 2086 0 2196 272; x_wconf 95' lang='lat' dir='ltr'> </span> 
     </span>
    </p>
   </div>
   <div class='ocr_carea' id='block_1_3' title="bbox 280 275 1316 341">
    <p class='ocr_par' dir='ltr' id='par_1_3' title="bbox 280 275 1316 341">
     <span class='ocr_line' id='line_1_4' title="bbox 280 275 1316 341; baseline -0.002 -1"><span class='ocrx_word' id='word_1_20' title='bbox 280 303 355 340; x_wconf 83' lang='lat'>680</span> <span class='ocrx_word' id='word_1_21' title='bbox 618 296 631 303; x_wconf 53' lang='lat'>²</span> <span class='ocrx_word' id='word_1_22' title='bbox 752 275 759 282; x_wconf 47' lang='lat'>,</span> <span class='ocrx_word' id='word_1_23' title='bbox 907 304 1051 341; x_wconf 77' lang='lat' dir='ltr'>Emsr.</span> <span class='ocrx_word' id='word_1_24' title='bbox 1083 303 1133 339; x_wconf 85' lang='lat' dir='ltr'>P.</span> <span class='ocrx_word' id='word_1_25' title='bbox 1164 302 1316 339; x_wconf 81' lang='lat' dir='ltr'>NADAL</span> 
     </span>
    </p>
   </div>
   <div class='ocr_carea' id='block_1_4' title="bbox 254 404 2196 3127">
    <p class='ocr_par' dir='ltr' id='par_1_4' title="bbox 282 387 2196 638">
     <span class='ocr_line' id='line_1_5' title="bbox 282 404 2196 463; baseline -0.001 -14"><span class='ocrx_word' id='word_1_26' title='bbox 282 412 491 462; x_wconf 91' lang='lat' dir='ltr'>optatum</span> <span class='ocrx_word' id='word_1_27' title='bbox 514 405 687 450; x_wconf 87' lang='lat' dir='ltr'>exitum</span> <span class='ocrx_word' id='word_1_28' title='bbox 710 406 1020 462; x_wconf 84' lang='lat' dir='ltr'><strong>perducantur</strong></span> <span class='ocrx_word' id='word_1_29' title='bbox 1041 405 1175 463; x_wconf 85' lang='lat'>(214).</span> <span class='ocrx_word' id='word_1_30' title='bbox 1209 404 1483 450; x_wconf 83' lang='lat' dir='ltr'><strong>Litterarum</strong></span> <span class='ocrx_word' id='word_1_31' title='bbox 1505 418 1688 460; x_wconf 89' lang='lat' dir='ltr'>quoque</span> <span class='ocrx_word' id='word_1_32' title='bbox 1715 404 1931 461; x_wconf 78' lang='lat' dir='ltr'>frequen-</span> <span class='ocrx_word' id='word_1_33' title='bbox 2180 410 2196 448; x_wconf 69' lang='lat' dir='ltr'>J</span> 
     </span>
     <span class='ocr_line' id='line_1_6' title="bbox 283 486 1931 544; baseline 0.001 -13"><span class='ocrx_word' id='word_1_34' title='bbox 283 488 398 533; x_wconf 86' lang='lat' dir='ltr'>tium</span> <span class='ocrx_word' id='word_1_35' title='bbox 418 489 672 534; x_wconf 84' lang='lat' dir='ltr'>subsidium</span> <span class='ocrx_word' id='word_1_36' title='bbox 690 488 775 533; x_wconf 86' lang='lat' dir='ltr'>sibi</span> <span class='ocrx_word' id='word_1_37' title='bbox 798 488 1105 535; x_wconf 83' lang='lat' dir='ltr'>necessarium</span> <span class='ocrx_word' id='word_1_38' title='bbox 1124 487 1367 541; x_wconf 87' lang='lat' dir='ltr'>existimat,</span> <span class='ocrx_word' id='word_1_39' title='bbox 1387 501 1557 544; x_wconf 88' lang='lat' dir='ltr'>easque</span> <span class='ocrx_word' id='word_1_40' title='bbox 1578 486 1762 532; x_wconf 90' lang='lat' dir='ltr'>nomine</span> <span class='ocrx_word' id='word_1_41' title='bbox 1784 488 1931 533; x_wconf 80' lang='lat' dir='ltr'>Lainii</span> 
     </span>
     <span class='ocr_line' id='line_1_7' title="bbox 286 572 938 638; baseline -0.002 -22"><span class='ocrx_word' id='word_1_42' title='bbox 286 574 529 628; x_wconf 87' lang='lat' dir='ltr'>pollicetur</span> <span class='ocrx_word' id='word_1_43' title='bbox 553 573 781 638; x_wconf 87' lang='lat' dir='ltr'>Polancus</span> <span class='ocrx_word' id='word_1_44' title='bbox 805 572 938 630; x_wconf 87' lang='lat'>(215).</span> 
     </span>
    </p>

    <p class='ocr_par' dir='ltr' id='par_1_5' title="bbox 282 655 1932 1299">
     <span class='ocr_line' id='line_1_8' title="bbox 375 655 1930 713; baseline -0.001 -11"><span class='ocrx_word' id='word_1_45' title='bbox 375 660 432 702; x_wconf 90' lang='lat' dir='ltr'>Et</span> <span class='ocrx_word' id='word_1_46' title='bbox 452 659 538 701; x_wconf 89' lang='lat' dir='ltr'>hos</span> <span class='ocrx_word' id='word_1_47' title='bbox 560 656 743 713; x_wconf 87' lang='lat' dir='ltr'>quidem</span> <span class='ocrx_word' id='word_1_48' title='bbox 766 656 941 700; x_wconf 93' lang='lat' dir='ltr'>Natalis</span> <span class='ocrx_word' id='word_1_49' title='bbox 963 656 1143 701; x_wconf 88' lang='lat' dir='ltr'>labores</span> <span class='ocrx_word' id='word_1_50' title='bbox 1166 655 1279 699; x_wconf 90' lang='lat' dir='ltr'>tanti</span> <span class='ocrx_word' id='word_1_51' title='bbox 1300 655 1519 699; x_wconf 86' lang='lat' dir='ltr'>momenti</span> <span class='ocrx_word' id='word_1_52' title='bbox 1546 669 1628 712; x_wconf 91' lang='lat' dir='ltr'>pro</span> <span class='ocrx_word' id='word_1_53' title='bbox 1659 656 1780 699; x_wconf 88' lang='lat' dir='ltr'>bono</span> <span class='ocrx_word' id='word_1_54' title='bbox 1801 669 1930 700; x_wconf 89' lang='lat' dir='ltr'>com-</span> 
     </span>
     <span class='ocr_line' id='line_1_9' title="bbox 285 739 1928 796; baseline -0.001 -12"><span class='ocrx_word' id='word_1_55' title='bbox 285 741 414 786; x_wconf 92' lang='lat' dir='ltr'>muni</span> <span class='ocrx_word' id='word_1_56' title='bbox 434 740 662 786; x_wconf 84' lang='lat' dir='ltr'>existimat</span> <span class='ocrx_word' id='word_1_57' title='bbox 684 739 868 793; x_wconf 89' lang='lat' dir='ltr'>Lainez,</span> <span class='ocrx_word' id='word_1_58' title='bbox 896 747 945 783; x_wconf 93' lang='lat' dir='ltr'>ut</span> <span class='ocrx_word' id='word_1_59' title='bbox 973 739 1269 796; x_wconf 85' lang='lat' dir='ltr'>collegiorum</span> <span class='ocrx_word' id='word_1_60' title='bbox 1298 739 1571 784; x_wconf 80' lang='lat' dir='ltr'>Germaniae</span> <span class='ocrx_word' id='word_1_61' title='bbox 1599 739 1928 796; x_wconf 84' lang='lat' dir='ltr'>inspectionem</span> 
     </span>
     <span class='ocr_line' id='line_1_10' title="bbox 282 822 1929 880; baseline 0 -13"><span class='ocrx_word' id='word_1_62' title='bbox 282 825 582 869; x_wconf 85' lang='lat' dir='ltr'>differendam</span> <span class='ocrx_word' id='word_1_63' title='bbox 600 830 800 876; x_wconf 83' lang='lat' dir='ltr'>censeat,</span> <span class='ocrx_word' id='word_1_64' title='bbox 821 824 971 879; x_wconf 91' lang='lat' dir='ltr'>quoad</span> <span class='ocrx_word' id='word_1_65' title='bbox 993 836 1066 866; x_wconf 91' lang='lat' dir='ltr'>res</span> <span class='ocrx_word' id='word_1_66' title='bbox 1088 822 1348 879; x_wconf 86' lang='lat' dir='ltr'>Oeniponte</span> <span class='ocrx_word' id='word_1_67' title='bbox 1365 829 1662 879; x_wconf 85' lang='lat' dir='ltr'>pertractatae</span> <span class='ocrx_word' id='word_1_68' title='bbox 1679 823 1778 879; x_wconf 91' lang='lat' dir='ltr'>ejus</span> <span class='ocrx_word' id='word_1_69' title='bbox 1799 837 1929 880; x_wconf 89' lang='lat' dir='ltr'>prae-</span> 
     </span>
     <span class='ocr_line' id='line_1_11' title="bbox 283 905 1932 963; baseline -0.001 -12"><span class='ocrx_word' id='word_1_70' title='bbox 283 907 477 952; x_wconf 81' lang='lat' dir='ltr'>sentiam</span> <span class='ocrx_word' id='word_1_71' title='bbox 496 907 727 963; x_wconf 91' lang='lat' dir='ltr'>postulare</span> <span class='ocrx_word' id='word_1_72' title='bbox 744 906 985 951; x_wconf 88' lang='lat' dir='ltr'>videantur</span> <span class='ocrx_word' id='word_1_73' title='bbox 1003 908 1132 963; x_wconf 88' lang='lat'>(220).</span> <span class='ocrx_word' id='word_1_74' title='bbox 1150 907 1391 962; x_wconf 76' lang='lat' dir='ltr'>Quantum</span> <span class='ocrx_word' id='word_1_75' title='bbox 1408 913 1561 951; x_wconf 87' lang='lat' dir='ltr'>autern</span> <span class='ocrx_word' id='word_1_76' title='bbox 1579 905 1676 962; x_wconf 88' lang='lat' dir='ltr'>spei</span> <span class='ocrx_word' id='word_1_77' title='bbox 1693 913 1932 963; x_wconf 86' lang='lat' dir='ltr'>reponeret</span> 
     </span>
     <span class='ocr_line' id='line_1_12' title="bbox 286 989 1932 1046; baseline -0.001 -12"><span class='ocrx_word' id='word_1_78' title='bbox 286 991 476 1034; x_wconf 90' lang='lat' dir='ltr'>nuntius</span> <span class='ocrx_word' id='word_1_79' title='bbox 498 991 544 1034; x_wconf 91' lang='lat' dir='ltr'>in</span> <span class='ocrx_word' id='word_1_80' title='bbox 566 990 742 1035; x_wconf 90' lang='lat' dir='ltr'>Natalis</span> <span class='ocrx_word' id='word_1_81' title='bbox 759 990 974 1043; x_wconf 91' lang='lat' dir='ltr'>consiliis,</span> <span class='ocrx_word' id='word_1_82' title='bbox 995 991 1116 1035; x_wconf 88' lang='lat' dir='ltr'>clare</span> <span class='ocrx_word' id='word_1_83' title='bbox 1136 989 1279 1046; x_wconf 91' lang='lat' dir='ltr'>liquet</span> <span class='ocrx_word' id='word_1_84' title='bbox 1296 1004 1354 1034; x_wconf 88' lang='lat' dir='ltr'>ex</span> <span class='ocrx_word' id='word_1_85' title='bbox 1370 989 1440 1043; x_wconf 87' lang='lat' dir='ltr'>iis,</span> <span class='ocrx_word' id='word_1_86' title='bbox 1462 1005 1579 1046; x_wconf 90' lang='lat' dir='ltr'>quae</span> <span class='ocrx_word' id='word_1_87' title='bbox 1595 990 1642 1033; x_wconf 91' lang='lat' dir='ltr'>in</span> <span class='ocrx_word' id='word_1_88' title='bbox 1664 989 1854 1046; x_wconf 89' lang='lat' dir='ltr'>epistola</span> <span class='ocrx_word' id='word_1_89' title='bbox 1876 990 1932 1033; x_wconf 91' lang='lat' dir='ltr'>ad</span> 
     </span>
     <span class='ocr_line' id='line_1_13' title="bbox 285 1073 1930 1132; baseline -0.001 -15"><span class='ocrx_word' id='word_1_90' title='bbox 285 1075 517 1132; x_wconf 86' lang='lat' dir='ltr'>praesides</span> <span class='ocrx_word' id='word_1_91' title='bbox 534 1074 697 1131; x_wconf 89' lang='lat' dir='ltr'>synodi</span> <span class='ocrx_word' id='word_1_92' title='bbox 709 1073 781 1117; x_wconf 90' lang='lat' dir='ltr'>die</span> <span class='ocrx_word' id='word_1_93' title='bbox 799 1086 856 1118; x_wconf 92' lang='lat'>20</span> <span class='ocrx_word' id='word_1_94' title='bbox 873 1073 1108 1118; x_wconf 88' lang='lat' dir='ltr'>Februarii</span> <span class='ocrx_word' id='word_1_95' title='bbox 1120 1074 1223 1117; x_wconf 89' lang='lat' dir='ltr'>data</span> <span class='ocrx_word' id='word_1_96' title='bbox 1242 1074 1488 1118; x_wconf 87' lang='lat' dir='ltr'>asserebat:</span> <span class='ocrx_word' id='word_1_97' title='bbox 1509 1087 1683 1130; x_wconf 89' lang='lat' dir='ltr'>«neque</span> <span class='ocrx_word' id='word_1_98' title='bbox 1697 1073 1930 1117; x_wconf 84' lang='lat' dir='ltr'>Canisium</span> 
     </span>
     <span class='ocr_line' id='line_1_14' title="bbox 286 1156 1927 1215; baseline 0 -14"><span class='ocrx_word' id='word_1_99' title='bbox 286 1173 437 1215; x_wconf 90' lang='lat' dir='ltr'>neque</span> <span class='ocrx_word' id='word_1_100' title='bbox 471 1158 734 1215; x_wconf 90' lang='lat' dir='ltr'>episcopum</span> <span class='ocrx_word' id='word_1_101' title='bbox 773 1157 1052 1214; x_wconf 89' lang='lat' dir='ltr'>petinensem</span> <span class='ocrx_word' id='word_1_102' title='bbox 1081 1157 1329 1213; x_wconf 91' lang='lat' dir='ltr'>quidquam</span> <span class='ocrx_word' id='word_1_103' title='bbox 1357 1156 1403 1200; x_wconf 92' lang='lat' dir='ltr'>in</span> <span class='ocrx_word' id='word_1_104' title='bbox 1431 1171 1681 1214; x_wconf 87' lang='lat' dir='ltr'>congressu</span> <span class='ocrx_word' id='word_1_105' title='bbox 1710 1156 1927 1212; x_wconf 74' lang='lat' dir='ltr'>dicturos,</span> 
     </span>
     <span class='ocr_line' id='line_1_15' title="bbox 284 1240 1866 1299; baseline 0.001 -15"><span class='ocrx_word' id='word_1_106' title='bbox 284 1242 410 1298; x_wconf 90' lang='lat' dir='ltr'>quod</span> <span class='ocrx_word' id='word_1_107' title='bbox 432 1249 477 1286; x_wconf 89' lang='lat' dir='ltr'>et</span> <span class='ocrx_word' id='word_1_108' title='bbox 499 1257 525 1285; x_wconf 91' lang='lat' dir='ltr'>a</span> <span class='ocrx_word' id='word_1_109' title='bbox 548 1243 600 1284; x_wconf 83' lang='lat' dir='ltr'>P.</span> <span class='ocrx_word' id='word_1_110' title='bbox 626 1240 778 1285; x_wconf 90' lang='lat' dir='ltr'>Natali</span> <span class='ocrx_word' id='word_1_111' title='bbox 799 1249 845 1285; x_wconf 94' lang='lat' dir='ltr'>et</span> <span class='ocrx_word' id='word_1_112' title='bbox 867 1256 893 1284; x_wconf 95' lang='lat' dir='ltr'>a</span> <span class='ocrx_word' id='word_1_113' title='bbox 914 1240 1064 1297; x_wconf 90' lang='lat' dir='ltr'>seipso</span> <span class='ocrx_word' id='word_1_114' title='bbox 1086 1240 1210 1297; x_wconf 89' lang='lat' dir='ltr'>prius</span> <span class='ocrx_word' id='word_1_115' title='bbox 1239 1255 1331 1284; x_wconf 93' lang='lat' dir='ltr'>non</span> <span class='ocrx_word' id='word_1_116' title='bbox 1353 1242 1706 1297; x_wconf 88' lang='lat' dir='ltr'>approbaretur»</span> <span class='ocrx_word' id='word_1_117' title='bbox 1733 1241 1866 1299; x_wconf 78' lang='lat'>(219).</span> 
     </span>
    </p>

    <p class='ocr_par' dir='ltr' id='par_1_6' title="bbox 283 1319 1930 2216">
     <span class='ocr_line' id='line_1_16' title="bbox 376 1319 1928 1381; baseline -0.001 -12"><span class='ocrx_word' id='word_1_118' title='bbox 376 1327 546 1370; x_wconf 90' lang='lat' dir='ltr'>Rerum</span> <span class='ocrx_word' id='word_1_119' title='bbox 569 1340 596 1368; x_wconf 93' lang='lat' dir='ltr'>a</span> <span class='ocrx_word' id='word_1_120' title='bbox 615 1324 827 1368; x_wconf 88' lang='lat' dir='ltr'>Patribus</span> <span class='ocrx_word' id='word_1_121' title='bbox 845 1324 995 1368; x_wconf 89' lang='lat' dir='ltr'>Natali</span> <span class='ocrx_word' id='word_1_122' title='bbox 1013 1331 1058 1368; x_wconf 90' lang='lat' dir='ltr'>et</span> <span class='ocrx_word' id='word_1_123' title='bbox 1076 1323 1259 1368; x_wconf 89' lang='lat' dir='ltr'>Canisio</span> <span class='ocrx_word' id='word_1_124' title='bbox 1277 1319 1542 1380; x_wconf 72' lang='lat' dir='ltr'>Oeniponte‘</span> <span class='ocrx_word' id='word_1_125' title='bbox 1560 1331 1791 1381; x_wconf 87' lang='lat' dir='ltr'>gestarum</span> <span class='ocrx_word' id='word_1_126' title='bbox 1810 1325 1928 1368; x_wconf 84' lang='lat' dir='ltr'>fama</span> 
     </span>
     <span class='ocr_line' id='line_1_17' title="bbox 286 1407 1928 1466; baseline -0.001 -14"><span class='ocrx_word' id='word_1_127' title='bbox 286 1410 477 1452; x_wconf 90' lang='lat' dir='ltr'>Romam</span> <span class='ocrx_word' id='word_1_128' title='bbox 500 1409 671 1466; x_wconf 86' lang='lat' dir='ltr'>perlata</span> <span class='ocrx_word' id='word_1_129' title='bbox 687 1423 925 1452; x_wconf 89' lang='lat' dir='ltr'>romanum</span> <span class='ocrx_word' id='word_1_130' title='bbox 941 1407 1202 1464; x_wconf 88' lang='lat' dir='ltr'>pontificem</span> <span class='ocrx_word' id='word_1_131' title='bbox 1219 1407 1409 1463; x_wconf 87' lang='lat' dir='ltr'>ejusque</span> <span class='ocrx_word' id='word_1_132' title='bbox 1427 1407 1598 1451; x_wconf 92' lang='lat' dir='ltr'>curiam</span> <span class='ocrx_word' id='word_1_133' title='bbox 1617 1422 1794 1451; x_wconf 90' lang='lat' dir='ltr'>summo</span> <span class='ocrx_word' id='word_1_134' title='bbox 1811 1422 1928 1465; x_wconf 85' lang='lat' dir='ltr'>gau-</span> 
     </span>
     <span class='ocr_line' id='line_1_18' title="bbox 283 1490 1930 1549; baseline -0.001 -14"><span class='ocrx_word' id='word_1_135' title='bbox 283 1492 362 1536; x_wconf 86' lang='lat' dir='ltr'>dio</span> <span class='ocrx_word' id='word_1_136' title='bbox 389 1492 656 1545; x_wconf 88' lang='lat' dir='ltr'>cumulavit,</span> <span class='ocrx_word' id='word_1_137' title='bbox 691 1499 825 1549; x_wconf 91' lang='lat' dir='ltr'>prout</span> <span class='ocrx_word' id='word_1_138' title='bbox 849 1498 1043 1535; x_wconf 91' lang='lat' dir='ltr'>testatur</span> <span class='ocrx_word' id='word_1_139' title='bbox 1075 1492 1318 1543; x_wconf 87' lang='lat' dir='ltr'>Polancus,</span> <span class='ocrx_word' id='word_1_140' title='bbox 1345 1490 1529 1534; x_wconf 81' lang='lat' dir='ltr'>nomine</span> <span class='ocrx_word' id='word_1_141' title='bbox 1551 1490 1697 1534; x_wconf 88' lang='lat' dir='ltr'>Lainii</span> <span class='ocrx_word' id='word_1_142' title='bbox 1726 1490 1930 1535; x_wconf 89' lang='lat' dir='ltr'>scribens</span> 
     </span>
     <span class='ocr_line' id='line_1_19' title="bbox 285 1574 1928 1629; baseline -0.001 -11"><span class='ocrx_word' id='word_1_143' title='bbox 285 1584 385 1619; x_wconf 88' lang='lat' dir='ltr'>tum</span> <span class='ocrx_word' id='word_1_144' title='bbox 407 1577 465 1620; x_wconf 90' lang='lat' dir='ltr'>ad</span> <span class='ocrx_word' id='word_1_145' title='bbox 486 1575 639 1620; x_wconf 92' lang='lat' dir='ltr'>socios</span> <span class='ocrx_word' id='word_1_146' title='bbox 668 1578 837 1620; x_wconf 89' lang='lat' dir='ltr'>Romae</span> <span class='ocrx_word' id='word_1_147' title='bbox 865 1582 1220 1629; x_wconf 90' lang='lat' dir='ltr'>commorantes,</span> <span class='ocrx_word' id='word_1_148' title='bbox 1253 1581 1350 1617; x_wconf 91' lang='lat' dir='ltr'>tum</span> <span class='ocrx_word' id='word_1_149' title='bbox 1379 1574 1436 1617; x_wconf 87' lang='lat' dir='ltr'>ad</span> <span class='ocrx_word' id='word_1_150' title='bbox 1466 1575 1519 1618; x_wconf 91' lang='grc' dir='ltr'>Ρ.</span> <span class='ocrx_word' id='word_1_151' title='bbox 1554 1574 1838 1618; x_wconf 87' lang='lat' dir='ltr'>Ludovicum</span> <span class='ocrx_word' id='word_1_152' title='bbox 1866 1574 1928 1617; x_wconf 92' lang='lat' dir='ltr'>du</span> 
     </span>
     <span class='ocr_line' id='line_1_20' title="bbox 283 1655 1929 1716; baseline -0.002 -13"><span class='ocrx_word' id='word_1_153' title='bbox 283 1660 522 1716; x_wconf 87' lang='lat' dir='ltr'>Coudrey,</span> <span class='ocrx_word' id='word_1_154' title='bbox 554 1667 600 1702; x_wconf 89' lang='lat' dir='ltr'>et</span> <span class='ocrx_word' id='word_1_155' title='bbox 628 1659 762 1703; x_wconf 91' lang='lat' dir='ltr'>simul</span> <span class='ocrx_word' id='word_1_156' title='bbox 790 1655 992 1703; x_wconf 57' lang='lat' dir='ltr'>refferens</span> <span class='ocrx_word' id='word_1_157' title='bbox 1021 1657 1387 1702; x_wconf 87' lang='lat' dir='ltr'>dissertationem</span> <span class='ocrx_word' id='word_1_158' title='bbox 1410 1673 1436 1701; x_wconf 91' lang='lat' dir='ltr'>a</span> <span class='ocrx_word' id='word_1_159' title='bbox 1465 1657 1637 1710; x_wconf 91' lang='lat' dir='ltr'>Natali,</span> <span class='ocrx_word' id='word_1_160' title='bbox 1669 1658 1929 1714; x_wconf 85' lang='lat' dir='ltr'>postulante</span> 
     </span>
     <span class='ocr_line' id='line_1_21' title="bbox 284 1740 1928 1801; baseline -0.002 -15"><span class='ocrx_word' id='word_1_161' title='bbox 284 1743 484 1796; x_wconf 89' lang='lat' dir='ltr'>Dolfino,</span> <span class='ocrx_word' id='word_1_162' title='bbox 509 1744 812 1801; x_wconf 72' lang='lat' dir='ltr'>lucubratam,</span> <span class='ocrx_word' id='word_1_163' title='bbox 837 1741 883 1784; x_wconf 91' lang='lat' dir='ltr'>in</span> <span class='ocrx_word' id='word_1_164' title='bbox 906 1756 995 1797; x_wconf 90' lang='lat' dir='ltr'>qua</span> <span class='ocrx_word' id='word_1_165' title='bbox 1018 1742 1136 1784; x_wconf 84' lang='lat' dir='ltr'>ultra</span> <span class='ocrx_word' id='word_1_166' title='bbox 1163 1740 1400 1798; x_wconf 84' lang='lat' dir='ltr'>octoginta</span> <span class='ocrx_word' id='word_1_167' title='bbox 1422 1740 1719 1785; x_wconf 89' lang='lat' dir='ltr'>auctoritates</span> <span class='ocrx_word' id='word_1_168' title='bbox 1741 1755 1823 1785; x_wconf 90' lang='lat' dir='ltr'>seu</span> <span class='ocrx_word' id='word_1_169' title='bbox 1854 1755 1928 1797; x_wconf 84' lang='lat' dir='ltr'>ar·-</span> 
     </span>
     <span class='ocr_line' id='line_1_22' title="bbox 286 1822 1927 1883; baseline -0.002 -13"><span class='ocrx_word' id='word_1_170' title='bbox 286 1834 507 1883; x_wconf 87' lang='lat' dir='ltr'>gumenta</span> <span class='ocrx_word' id='word_1_171' title='bbox 523 1825 755 1882; x_wconf 82' lang='lat' dir='ltr'>congessit</span> <span class='ocrx_word' id='word_1_172' title='bbox 778 1826 836 1868; x_wconf 93' lang='lat' dir='ltr'>ad</span> <span class='ocrx_word' id='word_1_173' title='bbox 853 1825 1253 1868; x_wconf 89' lang='lat' dir='ltr'>demonstrandam</span> <span class='ocrx_word' id='word_1_174' title='bbox 1271 1825 1388 1867; x_wconf 89' lang='lat' dir='ltr'>hanc</span> <span class='ocrx_word' id='word_1_175' title='bbox 1411 1823 1591 1878; x_wconf 88' lang='lat' dir='ltr'>thesim,</span> <span class='ocrx_word' id='word_1_176' title='bbox 1611 1824 1733 1879; x_wconf 92' lang='lat' dir='ltr'>quod</span> <span class='ocrx_word' id='word_1_177' title='bbox 1755 1822 1927 1867; x_wconf 87' lang='lat' dir='ltr'>scilicet</span> 
     </span>
     <span class='ocr_line' id='line_1_23' title="bbox 283 1907 1926 1967; baseline -0.002 -13"><span class='ocrx_word' id='word_1_178' title='bbox 283 1925 400 1967; x_wconf 89' lang='lat' dir='ltr'>papa</span> <span class='ocrx_word' id='word_1_179' title='bbox 421 1910 479 1953; x_wconf 90' lang='lat' dir='ltr'>sit</span> <span class='ocrx_word' id='word_1_180' title='bbox 502 1916 657 1966; x_wconf 90' lang='lat' dir='ltr'>pastor</span> <span class='ocrx_word' id='word_1_181' title='bbox 680 1908 947 1952; x_wconf 88' lang='lat' dir='ltr'>universalis</span> <span class='ocrx_word' id='word_1_182' title='bbox 968 1907 1204 1952; x_wconf 87' lang='lat' dir='ltr'>ecclesiae.</span> <span class='ocrx_word' id='word_1_183' title='bbox 1230 1908 1297 1950; x_wconf 88' lang='lat' dir='ltr'>Ex</span> <span class='ocrx_word' id='word_1_184' title='bbox 1320 1909 1407 1950; x_wconf 89' lang='lat' dir='ltr'>hoc</span> <span class='ocrx_word' id='word_1_185' title='bbox 1429 1913 1582 1951; x_wconf 86' lang='lat' dir='ltr'>autem</span> <span class='ocrx_word' id='word_1_186' title='bbox 1602 1913 1800 1950; x_wconf 89' lang='lat' dir='ltr'>tractatu</span> <span class='ocrx_word' id='word_1_187' title='bbox 1821 1907 1926 1952; x_wconf 89' lang='lat' dir='ltr'>Sta-</span> 
     </span>
     <span class='ocr_line' id='line_1_24' title="bbox 285 1989 1929 2049; baseline -0.002 -13"><span class='ocrx_word' id='word_1_188' title='bbox 285 1993 473 2049; x_wconf 90' lang='lat' dir='ltr'>phylum</span> <span class='ocrx_word' id='word_1_189' title='bbox 495 1992 697 2047; x_wconf 88' lang='lat' dir='ltr'>aliosque</span> <span class='ocrx_word' id='word_1_190' title='bbox 719 1992 879 2036; x_wconf 91' lang='lat' dir='ltr'>eodem</span> <span class='ocrx_word' id='word_1_191' title='bbox 907 2004 960 2035; x_wconf 87' lang='lat' dir='ltr'>ac</span> <span class='ocrx_word' id='word_1_192' title='bbox 988 1990 1062 2035; x_wconf 90' lang='lat' dir='ltr'>ille</span> <span class='ocrx_word' id='word_1_193' title='bbox 1090 1990 1206 2046; x_wconf 92' lang='lat' dir='ltr'>pede</span> <span class='ocrx_word' id='word_1_194' title='bbox 1232 1989 1541 2033; x_wconf 87' lang='lat' dir='ltr'>claudicantes</span> <span class='ocrx_word' id='word_1_195' title='bbox 1569 1997 1746 2033; x_wconf 90' lang='lat' dir='ltr'>tantum</span> <span class='ocrx_word' id='word_1_196' title='bbox 1775 1989 1929 2046; x_wconf 84' lang='lat' dir='ltr'>profe-</span> 
     </span>
     <span class='ocr_line' id='line_1_25' title="bbox 283 2072 1930 2131; baseline -0.001 -13"><span class='ocrx_word' id='word_1_197' title='bbox 283 2075 418 2129; x_wconf 88' lang='lat' dir='ltr'>cisse,</span> <span class='ocrx_word' id='word_1_198' title='bbox 445 2082 494 2119; x_wconf 87' lang='lat' dir='ltr'>ut</span> <span class='ocrx_word' id='word_1_199' title='bbox 514 2075 602 2118; x_wconf 93' lang='lat' dir='ltr'>illis</span> <span class='ocrx_word' id='word_1_200' title='bbox 624 2075 717 2118; x_wconf 90' lang='lat' dir='ltr'>vita</span> <span class='ocrx_word' id='word_1_201' title='bbox 745 2074 1080 2131; x_wconf 89' lang='lat' dir='ltr'>quodammodo</span> <span class='ocrx_word' id='word_1_202' title='bbox 1109 2072 1286 2118; x_wconf 88' lang='lat' dir='ltr'>reddita</span> <span class='ocrx_word' id='word_1_203' title='bbox 1313 2072 1465 2125; x_wconf 86' lang='lat' dir='ltr'>fuerit,</span> <span class='ocrx_word' id='word_1_204' title='bbox 1490 2073 1672 2130; x_wconf 90' lang='lat' dir='ltr'>scripsit</span> <span class='ocrx_word' id='word_1_205' title='bbox 1694 2073 1813 2118; x_wconf 89' lang='lat' dir='ltr'>idem</span> <span class='ocrx_word' id='word_1_206' title='bbox 1838 2074 1930 2116; x_wconf 94' lang='lat' dir='ltr'>Po-</span> 
     </span>
     <span class='ocr_line' id='line_1_26' title="bbox 286 2159 993 2216; baseline 0 -15"><span class='ocrx_word' id='word_1_207' title='bbox 286 2160 447 2203; x_wconf 85' lang='lat' dir='ltr'>lancus</span> <span class='ocrx_word' id='word_1_208' title='bbox 470 2161 588 2216; x_wconf 87' lang='lat'>(223,</span> <span class='ocrx_word' id='word_1_209' title='bbox 615 2171 717 2213; x_wconf 85' lang='lat'>224,</span> <span class='ocrx_word' id='word_1_210' title='bbox 746 2159 847 2211; x_wconf 88' lang='grc'>228,</span> <span class='ocrx_word' id='word_1_211' title='bbox 877 2159 993 2214; x_wconf 82' lang='grc'>236).</span> 
     </span>
    </p>

    <p class='ocr_par' dir='ltr' id='par_1_7' title="bbox 254 2240 1930 2796">
     <span class='ocr_line' id='line_1_27' title="bbox 378 2240 1929 2298; baseline -0.003 -12"><span class='ocrx_word' id='word_1_212' title='bbox 378 2242 634 2286; x_wconf 85' lang='lat' dir='ltr'>Postulavit</span> <span class='ocrx_word' id='word_1_213' title='bbox 655 2241 841 2298; x_wconf 91' lang='lat' dir='ltr'>insuper</span> <span class='ocrx_word' id='word_1_214' title='bbox 863 2242 1076 2285; x_wconf 86' lang='lat' dir='ltr'>Dolfinus</span> <span class='ocrx_word' id='word_1_215' title='bbox 1098 2256 1123 2284; x_wconf 90' lang='lat' dir='ltr'>a</span> <span class='ocrx_word' id='word_1_216' title='bbox 1155 2243 1206 2285; x_wconf 82' lang='lat' dir='ltr'>P.</span> <span class='ocrx_word' id='word_1_217' title='bbox 1232 2240 1400 2294; x_wconf 87' lang='lat' dir='ltr'>Natali,</span> <span class='ocrx_word' id='word_1_218' title='bbox 1427 2247 1477 2284; x_wconf 92' lang='lat' dir='ltr'>ut</span> <span class='ocrx_word' id='word_1_219' title='bbox 1507 2240 1768 2284; x_wconf 87' lang='lat' dir='ltr'>efficacibus</span> <span class='ocrx_word' id='word_1_220' title='bbox 1789 2253 1929 2296; x_wconf 87' lang='lat' dir='ltr'>argu-</span> 
     </span>
     <span class='ocr_line' id='line_1_28' title="bbox 287 2322 1929 2381; baseline -0.001 -13"><span class='ocrx_word' id='word_1_221' title='bbox 287 2325 454 2371; x_wconf 91' lang='lat' dir='ltr'>mentis</span> <span class='ocrx_word' id='word_1_222' title='bbox 476 2325 648 2370; x_wconf 88' lang='lat' dir='ltr'>caesari</span> <span class='ocrx_word' id='word_1_223' title='bbox 672 2326 946 2381; x_wconf 89' lang='lat' dir='ltr'>persuadere</span> <span class='ocrx_word' id='word_1_224' title='bbox 969 2332 1227 2378; x_wconf 88' lang='lat' dir='ltr'>conaretur,</span> <span class='ocrx_word' id='word_1_225' title='bbox 1249 2339 1306 2369; x_wconf 89' lang='lat' dir='ltr'>ne</span> <span class='ocrx_word' id='word_1_226' title='bbox 1328 2323 1693 2367; x_wconf 83' lang='lat' dir='ltr'>reformationem</span> <span class='ocrx_word' id='word_1_227' title='bbox 1711 2322 1929 2367; x_wconf 87' lang='lat' dir='ltr'>ecclesiae</span> 
     </span>
     <span class='ocr_line' id='line_1_29' title="bbox 287 2405 1922 2465; baseline -0.002 -14"><span class='ocrx_word' id='word_1_228' title='bbox 287 2409 335 2452; x_wconf 92' lang='lat' dir='ltr'>in</span> <span class='ocrx_word' id='word_1_229' title='bbox 357 2408 504 2465; x_wconf 86' lang='lat' dir='ltr'>capite</span> <span class='ocrx_word' id='word_1_230' title='bbox 528 2423 553 2452; x_wconf 92' lang='lat' dir='ltr'>a</span> <span class='ocrx_word' id='word_1_231' title='bbox 574 2407 766 2452; x_wconf 90' lang='lat' dir='ltr'>concilio</span> <span class='ocrx_word' id='word_1_232' title='bbox 789 2415 942 2464; x_wconf 90' lang='lat' dir='ltr'>petere</span> <span class='ocrx_word' id='word_1_233' title='bbox 960 2414 1220 2460; x_wconf 89' lang='lat' dir='ltr'>attentaret,</span> <span class='ocrx_word' id='word_1_234' title='bbox 1240 2408 1363 2463; x_wconf 92' lang='lat' dir='ltr'>quod</span> <span class='ocrx_word' id='word_1_235' title='bbox 1381 2406 1562 2462; x_wconf 91' lang='lat' dir='ltr'>quidem</span> <span class='ocrx_word' id='word_1_236' title='bbox 1585 2405 1716 2449; x_wconf 91' lang='lat' dir='ltr'>solita</span> <span class='ocrx_word' id='word_1_237' title='bbox 1731 2405 1922 2462; x_wconf 82' lang='lat' dir='ltr'>diligen-</span> 
     </span>
     <span class='ocr_line' id='line_1_30' title="bbox 254 2488 1928 2547; baseline -0.002 -12"><span class='ocrx_word' id='word_1_238' title='bbox 254 2544 257 2546; x_wconf 31' lang='lat'>,</span> <span class='ocrx_word' id='word_1_239' title='bbox 287 2492 351 2536; x_wconf 89' lang='lat' dir='ltr'>tia</span> <span class='ocrx_word' id='word_1_240' title='bbox 372 2505 425 2536; x_wconf 90' lang='lat' dir='ltr'>ac</span> <span class='ocrx_word' id='word_1_241' title='bbox 447 2492 600 2535; x_wconf 89' lang='lat' dir='ltr'>studio</span> <span class='ocrx_word' id='word_1_242' title='bbox 623 2491 698 2536; x_wconf 88' lang='lat' dir='ltr'>ille</span> <span class='ocrx_word' id='word_1_243' title='bbox 719 2491 960 2547; x_wconf 90' lang='lat' dir='ltr'>praestitit,</span> <span class='ocrx_word' id='word_1_244' title='bbox 981 2505 1066 2534; x_wconf 91' lang='lat' dir='ltr'>nec</span> <span class='ocrx_word' id='word_1_245' title='bbox 1088 2490 1187 2534; x_wconf 92' lang='lat' dir='ltr'>sine</span> <span class='ocrx_word' id='word_1_246' title='bbox 1206 2491 1374 2544; x_wconf 83' lang='lat' dir='ltr'>fructu3</span> <span class='ocrx_word' id='word_1_247' title='bbox 1395 2505 1517 2544; x_wconf 89' lang='lat' dir='ltr'>nam,</span> <span class='ocrx_word' id='word_1_248' title='bbox 1538 2496 1672 2546; x_wconf 90' lang='lat' dir='ltr'>prout</span> <span class='ocrx_word' id='word_1_249' title='bbox 1689 2488 1928 2545; x_wconf 74' lang='lat' dir='ltr'>episcopus</span> 
     </span>
     <span class='ocr_line' id='line_1_31' title="bbox 289 2572 1928 2631; baseline -0.002 -13"><span class='ocrx_word' id='word_1_250' title='bbox 289 2574 780 2631; x_wconf 89' lang='lat' dir='ltr'>quinqueecclesiensis</span> <span class='ocrx_word' id='word_1_251' title='bbox 809 2574 1027 2618; x_wconf 88' lang='lat' dir='ltr'>Tridento</span> <span class='ocrx_word' id='word_1_252' title='bbox 1055 2573 1227 2627; x_wconf 87' lang='lat' dir='ltr'>retulit,</span> <span class='ocrx_word' id='word_1_253' title='bbox 1252 2573 1496 2630; x_wconf 91' lang='lat' dir='ltr'>imperator</span> <span class='ocrx_word' id='word_1_254' title='bbox 1523 2572 1674 2616; x_wconf 88' lang='lat' dir='ltr'>Natali</span> <span class='ocrx_word' id='word_1_255' title='bbox 1702 2572 1928 2628; x_wconf 81' lang='lat' dir='ltr'>postulata</span> 
     </span>
     <span class='ocr_line' id='line_1_32' title="bbox 286 2654 1930 2714; baseline -0.002 -13"><span class='ocrx_word' id='word_1_256' title='bbox 286 2672 371 2703; x_wconf 91' lang='lat' dir='ltr'>sua</span> <span class='ocrx_word' id='word_1_257' title='bbox 392 2673 679 2714; x_wconf 89' lang='lat' dir='ltr'>summopere</span> <span class='ocrx_word' id='word_1_258' title='bbox 708 2658 941 2701; x_wconf 89' lang='lat' dir='ltr'>moderata</span> <span class='ocrx_word' id='word_1_259' title='bbox 964 2664 1010 2699; x_wconf 90' lang='lat' dir='ltr'>et</span> <span class='ocrx_word' id='word_1_260' title='bbox 1032 2672 1144 2714; x_wconf 84' lang='lat' dir='ltr'>erga</span> <span class='ocrx_word' id='word_1_261' title='bbox 1171 2657 1324 2700; x_wconf 87' lang='lat' dir='ltr'>sedem</span> <span class='ocrx_word' id='word_1_262' title='bbox 1355 2655 1647 2713; x_wconf 91' lang='lat' dir='ltr'>apostolicam</span> <span class='ocrx_word' id='word_1_263' title='bbox 1675 2654 1930 2700; x_wconf 86' lang='lat' dir='ltr'>reverentia</span> 
     </span>
     <span class='ocr_line' id='line_1_33' title="bbox 286 2738 1846 2796; baseline -0.002 -13"><span class='ocrx_word' id='word_1_264' title='bbox 286 2741 441 2786; x_wconf 90' lang='lat' dir='ltr'>debita</span> <span class='ocrx_word' id='word_1_265' title='bbox 462 2748 508 2785; x_wconf 92' lang='lat' dir='ltr'>et</span> <span class='ocrx_word' id='word_1_266' title='bbox 531 2740 820 2784; x_wconf 88' lang='lat' dir='ltr'>observantia</span> <span class='ocrx_word' id='word_1_267' title='bbox 842 2741 975 2796; x_wconf 89' lang='lat' dir='ltr'>plena</span> <span class='ocrx_word' id='word_1_268' title='bbox 997 2742 1152 2783; x_wconf 89' lang='lat' dir='ltr'>futura</span> <span class='ocrx_word' id='word_1_269' title='bbox 1174 2754 1276 2785; x_wconf 89' lang='lat' dir='ltr'>esse</span> <span class='ocrx_word' id='word_1_270' title='bbox 1298 2739 1575 2783; x_wconf 86' lang='lat' dir='ltr'>asseveravit</span> <span class='ocrx_word' id='word_1_271' title='bbox 1597 2738 1846 2796; x_wconf 87' lang='lat'><strong>(222-224).</strong></span> 
     </span>
    </p>

    <p class='ocr_par' dir='ltr' id='par_1_8' title="bbox 285 2819 1933 3127">
     <span class='ocr_line' id='line_1_34' title="bbox 381 2819 1930 2878; baseline -0.003 -11"><span class='ocrx_word' id='word_1_272' title='bbox 381 2823 801 2867; x_wconf 86' lang='lat' dir='ltr'>Animadvertenda</span> <span class='ocrx_word' id='word_1_273' title='bbox 821 2830 892 2865; x_wconf 91' lang='lat' dir='ltr'>est</span> <span class='ocrx_word' id='word_1_274' title='bbox 920 2822 1055 2866; x_wconf 88' lang='lat' dir='ltr'>etiam</span> <span class='ocrx_word' id='word_1_275' title='bbox 1084 2821 1327 2878; x_wconf 89' lang='lat' dir='ltr'>prudentia</span> <span class='ocrx_word' id='word_1_276' title='bbox 1358 2821 1479 2864; x_wconf 87' lang='lat' dir='ltr'>illius</span> <span class='ocrx_word' id='word_1_277' title='bbox 1509 2820 1596 2863; x_wconf 89' lang='lat' dir='ltr'>viri</span> <span class='ocrx_word' id='word_1_278' title='bbox 1625 2820 1671 2863; x_wconf 92' lang='lat' dir='ltr'>in</span> <span class='ocrx_word' id='word_1_279' title='bbox 1697 2819 1792 2863; x_wconf 90' lang='lat' dir='ltr'>suis</span> <span class='ocrx_word' id='word_1_280' title='bbox 1819 2833 1930 2863; x_wconf 92' lang='lat' dir='ltr'>con-</span> 
     </span>
     <span class='ocr_line' id='line_1_35' title="bbox 285 2902 1933 2962; baseline -0.001 -15"><span class='ocrx_word' id='word_1_281' title='bbox 285 2906 520 2961; x_wconf 85' lang='lat' dir='ltr'>gressibus</span> <span class='ocrx_word' id='word_1_282' title='bbox 542 2920 647 2949; x_wconf 90' lang='lat' dir='ltr'>cum</span> <span class='ocrx_word' id='word_1_283' title='bbox 669 2906 956 2962; x_wconf 90' lang='lat' dir='ltr'>imperatore:</span> <span class='ocrx_word' id='word_1_284' title='bbox 983 2905 1030 2948; x_wconf 93' lang='lat' dir='ltr'>in</span> <span class='ocrx_word' id='word_1_285' title='bbox 1055 2904 1254 2948; x_wconf 89' lang='lat' dir='ltr'>iis-enim</span> <span class='ocrx_word' id='word_1_286' title='bbox 1283 2904 1430 2948; x_wconf 90' lang='lat' dir='ltr'>noluit</span> <span class='ocrx_word' id='word_1_287' title='bbox 1454 2903 1602 2947; x_wconf 91' lang='lat' dir='ltr'>Patris</span> <span class='ocrx_word' id='word_1_288' title='bbox 1625 2902 1793 2947; x_wconf 87' lang='lat' dir='ltr'>Lainez</span> <span class='ocrx_word' id='word_1_289' title='bbox 1821 2917 1933 2959; x_wconf 56' lang='lat' dir='ltr'>apo*</span> 
     </span>
     <span class='ocr_line' id='line_1_36' title="bbox 287 2986 1927 3045; baseline -0.001 -15"><span class='ocrx_word' id='word_1_290' title='bbox 287 2988 455 3045; x_wconf 83' lang='lat' dir='ltr'>logiam</span> <span class='ocrx_word' id='word_1_291' title='bbox 477 2990 533 3033; x_wconf 92' lang='lat' dir='ltr'>de</span> <span class='ocrx_word' id='word_1_292' title='bbox 558 3003 642 3033; x_wconf 92' lang='lat' dir='ltr'>usu</span> <span class='ocrx_word' id='word_1_293' title='bbox 672 2988 823 3032; x_wconf 89' lang='lat' dir='ltr'>calicis</span> <span class='ocrx_word' id='word_1_294' title='bbox 851 3002 1226 3041; x_wconf 88' lang='lat' dir='ltr'>commemorare,</span> <span class='ocrx_word' id='word_1_295' title='bbox 1258 2987 1427 3044; x_wconf 91' lang='lat' dir='ltr'>quippe</span> <span class='ocrx_word' id='word_1_296' title='bbox 1453 2986 1532 3043; x_wconf 92' lang='lat' dir='ltr'>qui</span> <span class='ocrx_word' id='word_1_297' title='bbox 1560 2986 1701 3043; x_wconf 90' lang='lat' dir='ltr'>probe</span> <span class='ocrx_word' id='word_1_298' title='bbox 1722 2991 1927 3039; x_wconf 87' lang='lat' dir='ltr'>noverat,</span> 
     </span>
     <span class='ocr_line' id='line_1_37' title="bbox 285 3067 1928 3127; baseline -0.001 -14"><span class='ocrx_word' id='word_1_299' title='bbox 285 3084 511 3126; x_wconf 89' lang='lat' dir='ltr'>quaenam</span> <span class='ocrx_word' id='word_1_300' title='bbox 532 3078 652 3116; x_wconf 90' lang='lat' dir='ltr'>esset</span> <span class='ocrx_word' id='word_1_301' title='bbox 675 3070 871 3116; x_wconf 89' lang='lat' dir='ltr'>caesaris</span> <span class='ocrx_word' id='word_1_302' title='bbox 893 3078 940 3115; x_wconf 92' lang='lat' dir='ltr'>et</span> <span class='ocrx_word' id='word_1_303' title='bbox 962 3072 1263 3127; x_wconf 91' lang='lat' dir='ltr'>quorumdam</span> <span class='ocrx_word' id='word_1_304' title='bbox 1286 3083 1524 3127; x_wconf 89' lang='lat' dir='ltr'>procerum</span> <span class='ocrx_word' id='word_1_305' title='bbox 1546 3083 1677 3114; x_wconf 87' lang='lat' dir='ltr'>mens</span> <span class='ocrx_word' id='word_1_306' title='bbox 1693 3067 1740 3110; x_wconf 92' lang='lat' dir='ltr'>in</span> <span class='ocrx_word' id='word_1_307' title='bbox 1757 3069 1843 3111; x_wconf 90' lang='lat' dir='ltr'>hac</span> <span class='ocrx_word' id='word_1_308' title='bbox 1859 3080 1928 3111; x_wconf 85' lang='lat' dir='ltr'>re.</span> 
     </span>
    </p>
   </div>
   <div class='ocr_carea' id='block_1_5' title="bbox 2105 973 2196 3522">
    <p class='ocr_par' dir='ltr' id='par_1_9' title="bbox 2105 973 2196 3522">
     <span class='ocr_line' id='line_1_38' title="bbox 2105 973 2196 3522; baseline 0 0"><span class='ocrx_word' id='word_1_309' title='bbox 2105 973 2196 3522; x_wconf 95' lang='lat' dir='ltr'> </span> 
     </span>
    </p>
   </div>
  </div>
 </body>
</html>
