2196 3522
240 0 247 7 „
279 0 849 27 21'1535?⁷1’‘3⁴·‘5'.5,¹¹‘¹*³“‘²-‘'‘?“.‘Z-*”''·'
992 0 1002 9 ν’

802 250 804 252 ’
843 256 889 294 27
916 247 1181 284 snprmnms
1209 247 1302 293 1564
1817 256 1883 293 521

250 351 430 395 ficulter
458 351 691 408 Tyrnauia
716 349 947 408 permittit.
982 350 1101 393 Tum
1130 348 1232 392 libri
1259 348 1321 392 ibi
1354 350 1536 394 desunt:
1569 357 1704 407 urget
1735 357 1888 394 tamen

250 429 409 472 Rmus.
441 435 488 473 et
514 428 693 472 ciuitas.
725 429 824 473 Nec
851 435 922 471 est
947 426 1184 470 immemor
1206 428 1364 471 Rmus.
1390 427 1717 484 promissionis,
1747 441 1885 483 quam

249 512 355 549 ante
376 504 610 550 biennium
633 504 810 548 romani
831 506 992 548 Patres
1013 503 1077 546 illi
1099 518 1179 560 per
1199 503 1373 548 litteras
1390 504 1610 549 fecerunt.
1637 505 1753 549 Nam
1771 505 1884 548 scri-

249 589 440 638 pserunt
460 597 532 626 me
560 597 651 626 non
678 582 867 632 debere,
897 580 996 624 sine
1025 580 1261 625 uoluntate
1289 580 1406 624 Rmi.
1433 580 1705 637 Tyrnauiae,
1735 581 1884 626 disce·
1936 637 1941 642 .

248 660 370 704 dere.
392 660 526 703 Vnde
547 658 750 716 proxime
771 657 882 701 mihi
902 656 1030 700 dixit:
1061 657 1182 700 «Vos
1202 656 1339 700 uultis
1355 656 1543 700 nimium
1561 658 1727 715 rogari:
1748 659 1885 704 debe-

249 736 358 780 retis
385 735 495 779 mihi
527 735 722 791 aliquem
759 733 1028 790 obsequium
1064 740 1315 790 praestare:
1356 733 1440 777 soli
1467 734 1685 779 uidemini
1706 750 1884 792 sapere:

248 820 427 870 oportet
448 812 495 856 in
517 813 654 858 rebus
669 811 861 870 agendis
877 810 1066 854 aliorum
1084 809 1220 853 etiam
1237 810 1424 854 consilio
1444 810 1507 854 uti
1517 827 1554 854 »z
1575 826 1714 868 aegre
1730 813 1890 857 ferunt

175 941 182 950 ὁ
248 890 450 947 promitti
468 897 515 933 et
536 904 630 933 non
649 887 884 946 praestari.

337 980 381 1022 4.
446 966 532 1011 Fui
553 966 660 1011 inde
687 965 853 1009 missus
883 965 941 1008 ad
967 963 1054 1007 alia
1081 964 1182 1008 loca
1209 963 1255 1006 in
1283 972 1465 1020 pascate
1495 966 1552 1008 ad
1574 967 1816 1012 conciones
1837 975 1886 1011 etv

247 1044 559 1089 confessiones
579 1043 650 1087 bis
677 1045 764 1086 hoc
791 1057 926 1086 anno.
955 1042 1066 1086 Item
1094 1055 1198 1084 cum
1221 1048 1348 1098 patre
1377 1043 1563 1086 Vrbano
1592 1044 1877 1088 Passauium.

248 1122 335 1179 Egi
362 1123 579 1165 lectorem
607 1119 857 1177 scripturae
884 1118 930 1162 in
959 1117 1277 1171 vniuersitate‚
1309 1118 1383 1162 cui
1410 1119 1592 1164 lectioni
1622 1122 1883 1177 frequenter

246 1198 434 1242 nuntius
449 1205 641 1242 venetus
656 1196 877 1242 interfuit.
897 1198 999 1255 Jam
1022 1210 1134 1240 uero
1156 1202 1202 1239 et
1222 1196 1436 1240 lectorem
1453 1204 1500 1240 et
1515 1198 1880 1243 concionatorem

246 1275 426 1333 collegii
441 1290 543 1332 ago.
561 1276 610 1318 In
626 1274 830 1332 proximo
845 1273 1006 1317 itinere
1022 1272 1141 1316 intra
1154 1281 1333 1317 montes
1343 1274 1543 1318 Danubii
1557 1275 1756 1320 occurrit
1773 1276 1881 1319 mihi

245 1352 500 1397 haereticus
510 1351 694 1408 quidam
708 1365 861 1395 secum
876 1351 1024 1394 ferens
1036 1357 1357 1395 testamentum
1369 1365 1602 1408 graecum,
1622 1353 1699 1408 qui
1715 1354 1876 1410 primo,

245 1444 327 1473 cur
343 1429 546 1487 gladium
569 1444 661 1473 non
683 1435 926 1486 gestarem,
951 1426 1115 1472 deinde
1132 1441 1214 1471 cur
1233 1442 1417 1472 uxorem
1435 1443 1526 1472 non
1543 1430 1756 1474 ducerem
1774 1446 1880 1487 pro-

243 1506 409 1564 posuit:
430 1506 549 1550 illusi
565 1505 810 1550 hominem:
835 1504 966 1560 «quia
983 1519 1075 1547 non
1093 1518 1277 1560 possum
1294 1519 1366 1548 me
1383 1520 1571 1550 onerare
1588 1506 1632 1549 in
1652 1507 1742 1551 uia:
1763 1515 1824 1560 et,
1842 1508 1884 1551 si-

244 1583 345 1640 quis
362 1583 557 1627 uoluerit
573 1598 645 1627 me
662 1590 915 1639 percutere,
930 1581 1130 1625 exibebit
1146 1581 1395 1638 gladium.»
1411 1584 1480 1626 De
1498 1585 1566 1626 2.⁰
1584 1599 1639 1628 ex
1657 1584 1880 1641 scriptura

244 1660 336 1704 dixi
358 1660 519 1705 melius
540 1674 640 1704 esse
661 1659 700 1703 si
727 1660 792 1703 sic
814 1673 1118 1716 permansero.
1140 1659 1233 1711 Ille,
1258 1658 1448 1703 «missus
1464 1675 1565 1704 sum
1575 1680 1612 1714 n,
1638 1661 1798 1718 inquit,
1829 1677 1880 1706 «a

245 1737 417 1795 Spiritu
445 1739 614 1783 Sancto
642 1744 693 1781 ut
721 1744 765 1780 te
801 1743 1082 1781 conuertam.
1123 1736 1257 1789 Nam,
1297 1750 1402 1779 cum
1431 1736 1493 1780 sis
1521 1739 1705 1790 doctus,
1739 1740 1879 1782 multa

244 1816 364 1859 bona
383 1815 429 1858 in
452 1814 641 1860 ecclesia
659 1815 808 1858 facere
824 1813 1009 1870 poteris,
1030 1820 1076 1857 et
1092 1820 1270 1869 oportet
1288 1821 1331 1857 te
1349 1813 1605 1870 relinquere
1622 1815 1875 1860 ordinem».

244 1892 331 1936 Cui
360 1907 448 1949 ego
476 1907 580 1935 cum
608 1891 880 1936 inebriatum
909 1890 1111 1934 uiderem
1147 1889 1254 1933 hinc
1282 1890 1387 1935 inde
1415 1891 1727 1946 uacillantem,
1762 1908 1878 1936 «non

243 1969 418 2014 habitat
440 1969 636 2026 Spiritus
652 1969 849 2013 Sanctus
871 1967 917 2010 in
939 1966 1295 2022 ebriis».—«At,
1321 1967 1483 2024 inquit,
1503 1968 1710 2025 discipuli
1728 1978 1881 2014 musto

244 2046 365 2104 pleni
387 2054 560 2099 erant»;
585 2053 632 2090 et
653 2045 757 2101 quia
779 2044 909 2101 pluit,
934 2051 980 2088 et
1004 2043 1076 2088 uia
1103 2044 1276 2087 lubrica
1303 2052 1421 2098 erat,
1453 2045 1616 2090 cecidit
1643 2046 1689 2089 in·
1711 2048 1875 2101 lutum,

243 2139 327 2168 nos
354 2138 575 2168 accusans
603 2123 709 2179 quia
736 2122 1017 2165 orauerimus
1045 2128 1202 2164 contra
1230 2121 1393 2177 ipsum.
1426 2123 1592 2166 Iterum
1622 2119 1891 2179 assequitur

221 2201 582 2258 praecedentes,
601 2207 647 2243 et
669 2199 746 2242 ait:
777 2200 903 2255 «Ego
925 2212 1007 2254 pro
1030 2197 1328 2242 conuersione
1350 2199 1418 2242 lac
1436 2198 1518 2242 tibi
1535 2214 1753 2256 propono,
1774 2202 1880 2245 nolo

243 2277 362 2322 enim
399 2276 633 2321 altioribus
670 2283 820 2319 tecum
853 2275 1247 2342 agere».†«Nolo
1283 2274 1485 2331 inquam,
1527 2284 1606 2319 tuo
1643 2277 1760 2322 lacte
1792 2293 1877 2322 nec

243 2354 446 2398 scientia:
472 2369 563 2397 non
585 2360 764 2410 oportet
786 2351 1004 2408 magistro
1027 2350 1092 2393 uti
1114 2365 1194 2407 pro
1222 2351 1488 2408 discipulo».
1526 2354 1689 2398 Adfert
1712 2356 1882 2398 multasv

242 2430 347 2474 inde
367 2431 614 2488 scripturas
635 2437 887 2482 truncatas3
914 2443 1026 2484 quas
1048 2427 1226 2485 integre
1247 2429 1458 2483 recitans,
1490 2429 1704 2486 ineptiam
1729 2432 1876 2474 homi-

243 2508 312 2551 nis
334 2507 618 2564 reprehendi.
643 2509 820 2551 Interea
843 2512 1087 2562 tempestas
1110 2505 1267 2558 oritur,
1293 2506 1490 2550 tonitrua
1512 2507 1774 2551 audiuntur:
1802 2509 1881 2553 ille

243 2584 404 2640 inquit:
434 2584 607 2629 «Video
631 2592 675 2628 te
697 2583 989 2628 obstinatum:
1015 2583 1162 2625 habeo
1183 2589 1452 2638 potestatem
1476 2585 1696 2628 euocandi
1719 2584 1875 2641 ignem*

243 2663 299 2706 de
320 2662 460 2714 caelo,
485 2661 563 2717 qui
585 2669 630 2706 te
652 2658 1044 2704 absumati›.—«O
1068 2658 1296 2702 miserum!
1322 2674 1427 2703 cum
1449 2660 1511 2703 sis
1530 2660 1788 2705 uinolentus
1807 2664 1876 2706 fa-

242 2746 315 2783 cta
336 2746 595 2783 sanctorum
618 2738 699 2782 tibi
721 2737 922 2782 ascribis:
947 2743 1132 2793 paratus
1153 2751 1253 2779 sum
1275 2737 1368 2793 pati
1390 2737 1428 2781 si
1449 2738 1617 2794 poteris
1634 2740 1719 2781 hoc
1742 2754 1876 2795 prae-

242 2824 407 2861 stare.»
434 2817 635 2860 Tandem
658 2816 800 2858 multa
820 2813 1020 2858 conuitia
1041 2813 1085 2856 in
1109 2828 1271 2870 papam
1288 2814 1494 2858 coniecit.
1521 2814 1647 2867 «His,
1668 2815 1870 2871 inquam,

242 2902 376 2950 putas
411 2900 455 2937 te
483 2893 647 2936 uicisse
674 2899 832 2936 contra
859 2890 1196 2947 euangelium».
1229 2884 1359 2934 Tunc
1387 2892 1615 2943 Vrbanus‚
1648 2893 1761 2936 haec
1789 2907 1871 2936 au-

243 2971 387 3023 diens,
418 2985 637 3014 accensus
665 2969 742 3012 ait:
778 2968 972 3025 «Impius
999 2982 1070 3020 es,
1102 2967 1305 3021 discede;
1337 2982 1394 3011 ne
1422 2976 1468 3012 et
1495 2983 1578 3011 nos
1608 2976 1758 3012 tecum
1787 2971 1873 3013 hac

243 3054 512 3105 tempestate
534 3061 784 3104 pereamus.
797 3051 827 3085 »‘
840 3047 1120 3100 Frequenter
1138 3050 1288 3088 tamen
1311 3045 1521 3088 conuitiis
1543 3059 1627 3089 nos
1648 3052 1694 3090 et
1710 3061 1879 3103 papam?
