2196 3522
280 243 356 296 658.
901 241 1045 282 Emsr.
1072 239 1120 281 P.
1147 239 1300 282 NADAL

276 344 481 390 cessariis
503 343 755 387 animarum
779 342 939 386 salutis
959 348 1005 387 et
1035 341 1173 385 totius
1194 342 1412 387 ecclesiae
1439 341 1710 410 christianae
1739 357 1925 389 sum-mo»

280 405 541 449 adiumento
563 418 663 448 esse
685 408 892 469 possunt,
924 401 1042 445 sicut
1073 401 1209 446 etiam
1237 402 1500 458 saepissime
1529 417 1586 447 ex
1613 401 1764 445 animo
1786 403 1916 460 cupi-

283 464 432 508 uimus
459 470 596 518 atque
635 462 770 507 etiam
801 475 923 504 nunc
950 459 1182 517 cupimus,
1213 468 1258 505 et
1285 460 1372 504 illis
1401 462 1581 505 duobus
1609 461 1778 518 optime
1806 476 1916 505 con—

284 530 434 568 tentae
456 536 628 565 sumus.
655 523 754 564 Hos
783 522 898 564 duos
919 519 1158 563 nobiscum
1180 520 1497 574 conduximus,
1523 537 1579 588 ex
1601 521 1751 564 animo
1773 522 1917 564 confi-

283 584 443 627 dentes
465 589 510 626 et
533 588 766 637 sperantes
790 582 935 623 Tuam
957 579 1276 624 Reuerentiam
1303 580 1434 623 nobis
1460 579 1661 636 quinque
1688 580 1926 624 sororibus

284 648 482 685 nostram
506 643 622 683 hanc
644 640 827 683 filialem
850 638 1083 682 audaciam
1105 653 1197 682 non
1219 639 1336 684 male
1358 639 1774 695 interpretaturam3
1796 639 1919 695 quod

284 716 394 745 sane
417 700 607 744 fecimus
630 698 857 755 tamqham
881 713 1059 754 semper
1085 697 1254 754 optime
1276 713 1525 755 propensae
1556 698 1673 742 filiae
1702 700 1756 742 T.
1782 700 1840 742 D.
1866 712 1927 742 ac.

284 759 525 805 Societatis
542 759 796 802 uniuersae.
818 759 923 802 Non
939 757 1199 800 dubitamus
1215 757 1368 813 itaque
1383 759 1470 801 hoc
1488 758 1758 814 placiturum
1772 760 1825 802 D.
1846 759 1916 811 T.,

286 834 402 875 quae
424 819 559 864 etiam
581 826 767 875 paterne
790 817 907 860 idem
931 817 1196 873 approbabit
1218 825 1262 861 et
1284 817 1583 861 confirmabit.

376 879 513 935 Quod
535 885 686 922 autem
707 877 795 920 iam
819 876 1069 920 scribamus
1091 877 1147 919 ad
1168 878 1226 919 D.
1253 878 1327 930 T.,
1348 890 1484 920 causa
1501 884 1569 921 est
1586 878 1714 929 haec,
1735 876 1841 932 quia
1863 875 1922 918 ti—

285 953 461 983 memus
483 952 539 981 ne
562 939 619 981 D.
647 939 700 980 T.
726 936 860 980 nobis
883 938 965 979 hos
987 937 1104 978 duos
1126 935 1410 991 supradictos
1438 943 1517 979 aut
1545 937 1736 979 alterum
1759 951 1815 980 ex
1836 935 1930 978 illis

286 998 462 1042 auferat
479 1004 524 1041 et
542 1003 720 1048 auocet,
742 996 863 1051 quod
881 996 1082 1051 profecto
1099 995 1230 1038 nobis
1251 1002 1372 1040 esset
1388 1009 1674 1052 summopere
1690 995 1922 1051 ingratum

286 1055 339 1100 ac'
361 1056 655 1110 contrarium,
676 1054 1176 1110 incommodissimeque
1198 1054 1438 1099 accideret.
1459 1056 1764 1111 Quapropter,
1782 1068 1922 1098 vene-

289 1116 429 1160 rande
452 1118 588 1160 Pater
609 1129 662 1158 ac
684 1114 881 1167 domine,
908 1128 1085 1157 summo
1107 1113 1257 1156 studio
1280 1128 1438 1158 omnes
1467 1113 1555 1158 iam
1584 1121 1629 1158 et
1651 1127 1827 1170 semper
1848 1126 1922 1156 ro—

289 1190 467 1233 gamus,
494 1174 880 1218 confidentissime
902 1180 1037 1228 atque
1059 1188 1115 1218 ex
1143 1174 1292 1217 animo
1320 1173 1514 1230 petimus
1548 1175 1601 1217 T.
1634 1175 1692 1216 D.
1718 1180 1770 1216 ut
1791 1171 1931 1216 nobis

291 1250 469 1291 semper
490 1236 574 1278 hos
596 1235 711 1277 duos
731 1232 986 1276 nominatos
1007 1233 1063 1276 de
1086 1232 1328 1285 Societate,
1353 1232 1564 1276 nimirum
1583 1235 1796 1290 Ioannem
1818 1231 1924 1276 Dir-

292 1294 409 1338 sium
433 1301 477 1338 et
500 1295 780 1346 Hermetem,
807 1292 1028 1348 relinquat
1050 1299 1229 1335 nostros
1251 1292 1592 1336 concionatores
1620 1306 1673 1335 ac
1694 1292 1926 1335 confessa-

293 1354 399 1407 rios,
425 1367 476 1397 ac
499 1353 545 1396 in
567 1353 722 1396 multis
743 1351 840 1395 aliis
863 1352 999 1396 rebus
1023 1350 1154 1395 utiles
1174 1351 1400 1408 operarios
1422 1358 1559 1407 atque
1587 1351 1839 1404 adiutores,
1863 1349 1927 1394 si—

294 1420 372 1457 cut
393 1420 439 1456 et
460 1415 682 1457 hactenus
703 1426 836 1455 omne
857 1410 1086 1467 refugium
1108 1419 1312 1454 nostrum
1329 1411 1375 1453 in
1393 1412 1528 1454 rebus
1545 1410 1853 1466 spiritualibus
1869 1409 1927 1453 ad

293 1487 372 1516 eos
393 1472 649 1515 habuimus.
677 1471 813 1527 Quod
837 1485 944 1514 uero
966 1472 1050 1513 hos
1071 1485 1208 1526 supra
1227 1470 1373 1513 dictos
1394 1471 1509 1514 duos
1526 1470 1737 1536 petimus,
1763 1482 1927 1512 causae

295 1539 512 1588 urgentes
535 1539 580 1576 et
603 1530 882 1574 necessariae
904 1544 987 1572 nos
1010 1530 1065 1572 ad
1086 1529 1133 1572 id
1162 1537 1363 1574 mouent.
1391 1529 1560 1583 Primo,
1586 1528 1690 1584 quia
1710 1529 1799 1571 iam
1820 1526 1933 1584 ipsis

295 1598 503 1636 assuetae
525 1605 682 1634 sumus
705 1588 946 1633 omnibus'
936 1604 981 1631 1n
1005 1590 1156 1642 rebus,
1181 1603 1299 1644 quae
1326 1590 1383 1632 ad
1410 1588 1585 1632 animae
1613 1589 1804 1632 salutem
1825 1601 1928 1643 spe—

297 1658 437 1694 ctant.
464 1652 579 1694 Tota
602 1649 736 1694 etiam
766 1650 869 1692 aula
896 1648 961 1692 eis
989 1648 1051 1691 ita
1081 1654 1150 1693 est
1177 1648 1357 1691 addicta
1387 1656 1432 1692 et
1458 1649 1666 1701 adheret,
1700 1654 1749 1690 ut
1770 1661 1927 1690 eorum

296 1725 432 1766 opera
449 1723 602 1753 carere
618 1709 771 1753 nollet.
796 1711 1036 1752 Praeterea
1053 1707 1136 1751 toti
1153 1707 1362 1764 regimini
1379 1706 1762 1751 consultissimum
1781 1706 1937 1749 uisum*

297 1776 366 1814 est
389 1776 439 1811 ut
460 1770 544 1812 hos
566 1769 681 1811 duos
704 1781 1013 1820 seruaremus,
1045 1780 1149 1810 cum
1178 1767 1268 1810 sint
1298 1766 1524 1823 germani,
1555 1767 1677 1822 quod
1706 1766 1823 1822 apud
1846 1779 1934 1808 nos

298 1828 478 1885 penitus
500 1835 545 1871 et
568 1842 743 1871 summe
772 1834 840 1871 est
869 1825 1173 1869 necessarium
1203 1826 1597 1881 utilissimumque.
1631 1827 1819 1881 Insuper
1847 1838 1935 1867 nos

297 1902 474 1932 sorores
511 1887 573 1930 ita
604 1886 753 1930 animo
786 1885 1102 1929 constituimus
1135 1892 1290 1928 nostro
1321 1892 1367 1929 et
1399 1885 1724 1937 conclusimus,
1761 1891 1811 1926 ut
1838 1897 1930 1926 non

298 1946 412 1999 aliis,
439 1961 572 2002 quam
595 1946 665 1989 his
687 1946 866 1988 duobus
888 1959 1024 2001 supra
1039 1938 1283 1988 nominatis
1312 1944 1454 2012 (aliter
1485 1945 1633 1988 facere
1660 1943 1790 1986 nobis
1813 1948 1935 1987 esset

280 2020 476 2062 >summe
512 2004 806 2060 contrarium)
841 2004 1045 2047 confiteri
1078 2004 1293 2056 uelimus,
1329 2018 1381 2047 ac
1413 2004 1460 2046 in
1491 2002 1689 2047 consiliis
1721 1995 1931 2059 spiritua-

300 2066 419 2108 libus
454 2065 693 2108 subiicere.
730 2065 796 2115 Eo
829 2071 981 2107 autem
1011 2063 1225 2107 libentius
1257 2065 1339 2106 hos
1370 2063 1485 2106 duos
1516 2064 1735 2106 habemus
1767 2075 1819 2104 ac
1850 2076 1937 2118 pe-

303 2125 460 2176 timus,
503 2125 624 2179 quod
666 2123 766 2179 piae
800 2122 1045 2166 memoriae
1079 2130 1205 2179 pater
1246 2129 1424 2175 noster,
1461 2122 1755 2179 probissimus
1789 2120 1932 2176 impe-

302 2191 423 2227 rator
459 2183 793 2234 Ferdinandus,
835 2184 916 2225 hos
953 2181 1084 2225 nobis
1113 2181 1452 2249 designauerit,
1491 2180 1753 2233 nominarit,
1794 2193 1846 2222 ac
1883 2185 1935 2222 ut

303 2243 603 2287 confessarios
636 2257 714 2286 eos
745 2241 1077 2297 susciperemus
1110 2240 1305 2284 iusserit.
1340 2242 1541 2298 Egemus
1568 2240 1686 2284 enim
1719 2236 1934 2295 operariis

304 2302 548 2359 germanis,
584 2308 629 2346 et
662 2300 842 2353 talibus,
874 2301 950 2356 qui
980 2300 1154 2356 possint
1184 2299 1359 2343 miseris
1387 2300 1623 2343 animabus
1652 2311 1930 2342 succurrere.

305 2362 380 2406 Ad
422 2364 562 2413 haec,
603 2375 779 2404 summa
815 2359 956 2416 exigit
994 2359 1239 2404 necessitas
1278 2366 1327 2402 ut
1363 2361 1449 2403 hos
1487 2360 1604 2402 duos
1641 2357 1938 2409 retineamus,

304 2429 378 2475 ut,
413 2420 451 2464 si
484 2420 664 2476 quando
698 2395 918 2475 postula?
931 2419 1178 2463 necessitas
1210 2418 1482 2462 infirmitatis
1520 2417 1703 2461 alterius
1736 2415 1816 2472 (uti
1848 2415 1936 2458 iam

306 2479 583 2536 experientia
611 2478 796 2533 docuit),
823 2485 872 2521 ut
902 2479 1014 2521 alter
1042 2478 1226 2522 alterius
1249 2479 1409 2522 subeat
1436 2478 1602 2529 locum,
1627 2474 1942 2519 concionando

307 2547 352 2584 et
382 2539 544 2582 similia
571 2538 868 2594 praestando,
904 2551 1020 2604 qua-e
1048 2538 1104 2581 ad
1132 2538 1306 2580 cultum
1333 2536 1539 2580 diuinum
1567 2535 1809 2592 pertinent
1841 2534 1940 2577 Nos

308 2598 427 2642 enim
458 2613 550 2640 non
586 2597 778 2642 libenter
810 2597 909 2652 (nec
941 2596 1076 2640 etiam
1113 2596 1331 2663 solemus)
1372 2595 1568 2639 uiuimus
1605 2596 1776 2649 absque
1811 2593 1939 2636 cultu

309 2657 464 2701 diuino
487 2672 538 2700 ac
561 2655 785 2700 ordinaria
806 2655 1039 2707 concione,
1066 2662 1116 2698 ut
1139 2671 1165 2699 a
1185 2655 1424 2699 iuuentute
1446 2669 1591 2721 usque
1613 2655 1760 2696 facere
1781 2665 1941 2696 sumus

311 2716 483 2768 solitae,
510 2730 562 2759 ac
584 2716 719 2759 etiam
747 2729 870 2757 nunc
892 2714 1082 2771 rigidius
1103 2716 1226 2757 hunc
1248 2714 1519 2758 catholicum
1542 2713 1676 2756 ritum
1705 2724 1944 2755 seruamus

312 2790 364 2819 ac
400 2775 547 2842 magis
583 2774 819 2831 magisque
855 2787 1038 2818 seruare
1079 2773 1403 2818 contendimus.
1444 2776 1683 2817 Praeterea
1720 2776 1844 2814 tanta
1871 2775 1943 2812 est

310 2835 440 2890 copia
467 2834 715 2877 aulicorum
746 2841 1002 2876 nostrorum
1036 2832 1271 2900 utriusque
1302 2847 1459 2885 sexus,
1489 2838 1540 2875 ut
1575 2845 1694 2874 unus
1730 2828 1944 2872 omnibus

311 2893 570 2942 satisfacere
592 2907 647 2936 ex
669 2906 815 2947 aequo
836 2892 962 2935 nullo
985 2893 1121 2935 modo
1145 2892 1299 2947 possit,
1319 2892 1626 2934 confessiones
1646 2888 1873 2933 audiendo
1895 2893 1944 2930 et

310 2953 357 2996 id
384 2967 532 3008 genus
568 2952 655 2995 alia
691 2952 972 3006 exequendo,
1005 2951 1073 2994 uti
1101 2957 1254 3007 aperte
1282 2950 1413 2993 nobis
1440 2949 1718 3006 experientia
1745 2951 1938 2999 constat3

326 3026 447 3054 mmo
483 3026 595 3055 uero
633 3011 783 3067 potius
818 3010 1122 3054 necessarium
1159 3016 1280 3054 esset
1317 3016 1367 3060 ut
1403 3010 1555 3067 plures
1581 3009 1853 3052 haberemus
1887 3018 1947 3049 ex
