2196 3522
1045 302 1137 340 1554
1862 295 1911 331 23

270 403 459 454 possent
478 396 739 441 concionari
759 397 834 442 vel
854 395 1103 441 ministeria
1123 410 1208 440 sua
1228 394 1368 441 obire.
1390 395 1648 440 Deterritus
1671 397 1864 442 tandem·
1882 412 1911 440 a

273 473 438 518 nuntio
460 474 660 531 Poggio,
685 473 764 530 qui
785 473 1001 519 acerrime
1023 474 1206 517 tandem
1237 472 1301 516 ini
1328 472 1527 517 minatus
1554 481 1641 528 est,
1671 473 1915 519 reuocauit

274 550 491 596 edictum.
516 552 756 597 Aduersus
777 553 900 595 hunc
921 550 1062 595 Iulius
1084 561 1178 606 3‚us
1199 549 1322 594 misit
1343 564 1471 595 acres
1490 549 1661 604 literas,
1687 565 1801 608 quas
1816 566 1912 595 non

277 627 478 686 oportuit
498 629 622 674 dare:
647 628 842 672 redierat
862 628 952 671 iam
971 635 1106 674 antea
1127 628 1184 671 ad
1206 622 1420 671 officium.
1452 627 1459 686 Ι

890 748 1145 792 COMPLnri
1160 782 1170 801 ,
1206 758 1278 791 2.0

368 864 473 908 Non
499 863 638 920 longe
666 862 920 914 aberamus,
951 875 1093 917 quum
1119 875 1230 918 prae
1255 859 1573 918 magnitudine
1605 861 1614 882 ¹
1655 875 1746 904 non
1784 861 1914 917 potui

277 954 356 984 ore
377 939 580 997 recipere
594 945 752 983 votum
769 939 1040 984 Santander:
1060 951 1145 981 nec
1161 936 1342 990 mirum3
1361 936 1575 982 veniebat
1591 944 1701 981 tunc
1718 936 1912 994 primum

278 1033 305 1062 e
325 1017 497 1070 seculo,
521 1022 610 1060 etc.
636 1014 791 1060 Habui
812 1014 1167 1060 exhortationes:
1191 1013 1391 1068 visitani,
1424 1021 1538 1058 etc.:
1570 1013 1772 1058 intellexi
1803 1013 1916 1057 mis-

279 1108 355 1138 sos
376 1093 516 1138 fuisse
537 1108 564 1137 a
585 1092 843 1146 Villanoua,
868 1106 984 1148 quos
1004 1092 1222 1136 dixeram.
1247 1093 1555 1149 Interceperat
1574 1104 1663 1146 400
1698 1101 1740 1138 Δ
1769 1090 1908 1135 Villa-

280 1185 418 1224 noua,
443 1170 672 1227 quierant
692 1171 881 1214 Romam
902 1169 1130 1215 destinati:
1165 1170 1288 1225 quod
1315 1183 1405 1226 ego
1432 1183 1571 1226 aegre
1598 1167 1781 1225 quidem
1810 1168 1911 1219 tuli,

277 1255 330 1294 ,et
357 1247 615 1306 significaui
641 1261 722 1304 per
743 1247 1124 1300 Bustamantium,
1148 1253 1195 1291 et
1223 1254 1375 1291 tamen
1402 1261 1494 1290 non
1522 1245 1698 1303 repetij.
1729 1246 1796 1289 1⁷
1826 1245 1912 1301 Egi

284 1327 340 1370 de
362 1324 556 1383 collegio
576 1323 819 1368 conchensi
842 1339 923 1381 per
951 1323 1240 1368 Villanouam
1267 1338 1372 1368 cum
1399 1323 1619 1367 canonico
1647 1324 1662 1344 ²
1692 1338 1719 1367 a
1748 1325 1914 1367 Puteo:

283 1403 545 1447 inchoatum
566 1409 652 1446 est:
677 1402 970 1446 confirmatus
990 1401 1169 1446 animus
1189 1400 1389 1445 doctoris
1410 1402 1660 1458 Vergarae.

370 1479 574 1524 Intellexi
596 1480 748 1524 Araoz
774 1478 1049 1536 expunxisse
1075 1486 1117 1520 τὸ
1154 1478 1355 1524 «etiarnsi
1383 1486 1528 1523 esset»
1562 1492 1619 1521 ex
1653 1490 1705 1532 14
1733 1477 1912 1534 regula,

281 1571 398 1614 quae
434 1556 592 1600 vltimo
619 1563 776 1600 extant
809 1556 854 1600 in
893 1555 1141 1612 exercitijs:
1181 1555 1426 1600 deterritus
1453 1554 1628 1600 scilicet
1663 1569 1691 1599 a
1725 1554 1917 1597 doctore

282 1635 470 1689 Cuesta,
493 1641 540 1678 et
561 1633 852 1678 substituisse
876 1632 1079 1678 «etiamsi
1095 1633 1200 1677 sit».

371 1710 576 1755 Intellexi
616 1709 851 1767 scripsisse
896 1711 1129 1754 doctorem
1177 1711 1388 1763 Torrem,
1440 1709 1518 1766 qui
1554 1709 1782 1766 professor
1818 1715 1918 1753 erat

243 1786 250 1787 ’
285 1787 561 1845 theologiae,
585 1802 667 1845 pro
688 1786 916 1844 exercitijs
936 1788 969 1839 ³,
989 1787 1225 1832 doctorem
1246 1787 1382 1832 etiam
1404 1788 1657 1844 Vergaram
1679 1799 1761 1842 pro
1782 1798 1886 1830 exer
1899 1810 1914 1815 —

285 1864 405 1922 citijs
426 1864 697 1910 sententiam
718 1864 900 1908 dixisse.
927 1863 1069 1909 Effeci
1090 1871 1140 1907 vt
1165 1865 1304 1908 D‚nus
1326 1863 1634 1920 Hieronymus
1662 1862 1861 1908 Viuerus
1889 1877 1916 1904 a

285 1942 479 1999 collegio
501 1948 799 1999 separaretur.
830 1941 838 2000 Ι
866 1941 969 1987 Misi
988 1941 1266 1986 Placentiam
1284 1943 1337 1986 P.
1363 1941 1667 1993 Villanouam,
1692 1947 1743 1982 vt
1758 1946 1921 1996 ageret

285 2020 344 2074 de
365 2019 560 2076 collegio
581 2033 685 2062 cum
706 2018 935 2076 episcopo.

370 2138 443 2182 18
824 2139 1174 2192 VALLisOLETn
1209 2151 1359 2183 PRIMO

374 2251 464 2296 Hic
485 2259 555 2296 est
575 2251 786 2308 expedita
807 2250 1007 2307 prouisio
1027 2250 1208 2308 collegij
1233 2250 1407 2295 romani
1429 2250 1486 2295 ad
1508 2250 1625 2294 6000
1654 2259 1696 2295 Δ
1730 2262 1787 2292 ex
1816 2247 1917 2291 iure

286 2330 342 2373 P.
366 2330 404 2373 F
406 2328 614 2383 rancisci,
639 2343 696 2374 ex
723 2339 834 2384 1500
863 2338 905 2375 Δ
939 2327 1181 2372 duchissae
1208 2335 1255 2373 et
1280 2342 1338 2372 ex
1371 2339 1484 2372 1000
1504 2325 1704 2383 episcopi
1731 2324 1915 2370 Schira-

285 2405 393 2462 chij,
418 2413 464 2452 et
485 2421 544 2451 ne
564 2406 751 2450 obolum
773 2405 956 2462 quidem
979 2420 1036 2450 ex
1056 2404 1276 2462 collegijs.
1302 2406 1369 2449 Eo
1388 2403 1515 2449 venit
1535 2405 1751 2456 Herrera,
1781 2416 1915 2459 quem

288 2496 545 2539 receperam
566 2482 818 2540 Compluti,
839 2490 886 2526 et
906 2482 995 2526 iam
1018 2489 1115 2525 tum
1130 2481 1240 2525 mihi
1255 2481 1485 2539 displicuit
1502 2495 1595 2526 non
1610 2479 1913 2524 mediocriter.

289 2559 540 2603 Rodoricus
550 2560 726 2605 Gomez
741 2559 912 2616 recepit
927 2565 1271 2603 numeraturum
1286 2572 1338 2602 se
1353 2573 1453 2604 eam
1469 2557 1708 2615 pecuniam
1725 2558 1914 2607 Romae,

287 2642 423 2691 prout
443 2646 570 2700 1500,
590 2650 705 2692 quos
721 2651 809 2694 ego
825 2635 909 2680 tuli
935 2635 943 2694 Ι
969 2636 1016 2679 in
1032 2642 1286 2689 numerato,
1312 2650 1429 2692 quae
1451 2641 1603 2679 tamen
1633 2634 1813 2676 duobus
1833 2647 1919 2675 an-

286 2711 358 2756 nis
379 2726 472 2755 non
493 2719 564 2757 est
584 2713 690 2757 data
709 2713 892 2768 nostris3
916 2728 1076 2759 verum
1094 2712 1266 2757 addidit
1286 2713 1381 2771 ipse
1400 2723 1502 2768 500,
1520 2719 1570 2754 vt
1586 2712 1802 2754 damnum
1818 2724 1917 2752 mo—

285 2803 363 2834 rae
390 2790 666 2834 refunderet.
697 2790 787 2834 Hic
813 2790 992 2848 plenius
1020 2789 1222 2834 intellexi
1243 2791 1301 2834 de
1328 2789 1646 2834 exercitiorum
1673 2786 1916 2831 delatione:

282 2881 386 2911 esse
401 2866 551 2911 delata
567 2881 594 2909 a
609 2864 836 2927 qu0[dam]
852 2873 1140 2924 praesentato
1156 2866 1546 2911 dominicanorum
1564 2865 1818 2916 Pedrocho,
1839 2863 1917 2919 qui

333 3016 337 3019 ι
360 2994 371 3014 ¹
422 2991 503 3038 Sic,
522 3002 642 3027 sensu
659 2991 910 3040 incompleto.

358 3054 373 3074 ²
423 3051 514 3098 Ms.,
532 3046 733 3087 canonico.

360 3112 376 3132 ³
425 3111 515 3157 Ms.,
535 3111 729 3158 exercitij.
