<?xml version="1.0" encoding="UTF-8"?>
<!DOCTYPE html PUBLIC "-//W3C//DTD XHTML 1.0 Transitional//EN"
    "http://www.w3.org/TR/xhtml1/DTD/xhtml1-transitional.dtd">
<html xmlns="http://www.w3.org/1999/xhtml" xml:lang="en" lang="en">
 <head>
  <title>
</title>
<meta http-equiv="Content-Type" content="text/html;charset=utf-8" />
  <meta name='ocr-system' content='tesseract 3.04.00' />
  <meta name='ocr-capabilities' content='ocr_page ocr_carea ocr_par ocr_line ocrx_word'/>
</head>
<body>
  <div class='ocr_page' id='page_1' title='image "./epistolaephieron02nadauoft_0219.png"; bbox 0 0 2196 3522; ppageno 0'>
   <div class='ocr_carea' id='block_1_1' title="bbox 0 0 87 409">
    <p class='ocr_par' dir='ltr' id='par_1_1' title="bbox 0 0 87 409">
     <span class='ocr_line' id='line_1_1' title="bbox 0 0 87 409; baseline 0 3113"><span class='ocrx_word' id='word_1_1' title='bbox 0 0 87 409; x_wconf 95' lang='lat' dir='ltr'> </span> 
     </span>
    </p>
   </div>
   <div class='ocr_carea' id='block_1_2' title="bbox 855 270 1893 321">
    <p class='ocr_par' dir='ltr' id='par_1_2' title="bbox 855 270 1893 321">
     <span class='ocr_line' id='line_1_2' title="bbox 855 270 1893 321; baseline 0.005 -16"><span class='ocrx_word' id='word_1_2' title='bbox 855 278 902 316; x_wconf 84' lang='lat'>29</span> <span class='ocrx_word' id='word_1_3' title='bbox 926 270 1172 307; x_wconf 70' lang='lat' dir='ltr'>Dsscmfflms</span> <span class='ocrx_word' id='word_1_4' title='bbox 1201 271 1291 317; x_wconf 89' lang='lat'>1562</span> <span class='ocrx_word' id='word_1_5' title='bbox 1824 272 1893 321; x_wconf 89' lang='lat'>193</span> 
     </span>
    </p>
   </div>
   <div class='ocr_carea' id='block_1_3' title="bbox 254 365 1893 2197">
    <p class='ocr_par' dir='ltr' id='par_1_3' title="bbox 256 365 1892 1194">
     <span class='ocr_line' id='line_1_3' title="bbox 260 365 1892 426; baseline 0.002 -16"><span class='ocrx_word' id='word_1_6' title='bbox 260 365 308 410; x_wconf 88' lang='lat' dir='ltr'>di</span> <span class='ocrx_word' id='word_1_7' title='bbox 330 367 388 411; x_wconf 88' lang='lat' dir='ltr'>V.</span> <span class='ocrx_word' id='word_1_8' title='bbox 413 366 468 409; x_wconf 90' lang='lat' dir='ltr'>R.</span> <span class='ocrx_word' id='word_1_9' title='bbox 492 365 610 411; x_wconf 92' lang='lat' dir='ltr'>delle</span> <span class='ocrx_word' id='word_1_10' title='bbox 629 380 735 411; x_wconf 85' lang='lat' dir='ltr'>cose</span> <span class='ocrx_word' id='word_1_11' title='bbox 755 365 801 409; x_wconf 90' lang='lat' dir='ltr'>di</span> <span class='ocrx_word' id='word_1_12' title='bbox 823 365 1083 411; x_wconf 85' lang='lat' dir='ltr'>Germania.</span> <span class='ocrx_word' id='word_1_13' title='bbox 1108 367 1156 410; x_wconf 91' lang='lat' dir='ltr'>Io</span> <span class='ocrx_word' id='word_1_14' title='bbox 1177 369 1421 423; x_wconf 62' lang='lat' dir='ltr'>procurari)</span> <span class='ocrx_word' id='word_1_15' title='bbox 1453 382 1541 413; x_wconf 90' lang='lat' dir='ltr'>con</span> <span class='ocrx_word' id='word_1_16' title='bbox 1568 369 1611 413; x_wconf 91' lang='grc'>13</span> <span class='ocrx_word' id='word_1_17' title='bbox 1643 368 1791 426; x_wconf 85' lang='lat' dir='ltr'>gratia</span> <span class='ocrx_word' id='word_1_18' title='bbox 1818 369 1892 414; x_wconf 88' lang='lat' dir='ltr'>del</span> 
     </span>
     <span class='ocr_line' id='line_1_4' title="bbox 262 442 1892 501; baseline 0.004 -14"><span class='ocrx_word' id='word_1_19' title='bbox 262 442 428 500; x_wconf 88' lang='lat' dir='ltr'>Signor</span> <span class='ocrx_word' id='word_1_20' title='bbox 448 442 656 487; x_wconf 89' lang='lat' dir='ltr'>imitarlo.</span> <span class='ocrx_word' id='word_1_21' title='bbox 682 445 740 487; x_wconf 90' lang='lat' dir='ltr'>Et</span> <span class='ocrx_word' id='word_1_22' title='bbox 761 450 930 500; x_wconf 88' lang='lat' dir='ltr'>quanto</span> <span class='ocrx_word' id='word_1_23' title='bbox 957 444 1000 487; x_wconf 94' lang='lat' dir='ltr'>al</span> <span class='ocrx_word' id='word_1_24' title='bbox 1025 450 1146 488; x_wconf 89' lang='lat' dir='ltr'>stato</span> <span class='ocrx_word' id='word_1_25' title='bbox 1173 445 1247 488; x_wconf 93' lang='lat' dir='ltr'>del</span> <span class='ocrx_word' id='word_1_26' title='bbox 1273 444 1552 501; x_wconf 90' lang='lat' dir='ltr'>prouinciale</span> <span class='ocrx_word' id='word_1_27' title='bbox 1572 452 1618 490; x_wconf 92' lang='lat' dir='ltr'>et</span> <span class='ocrx_word' id='word_1_28' title='bbox 1645 447 1762 490; x_wconf 87' lang='lat' dir='ltr'>delle</span> <span class='ocrx_word' id='word_1_29' title='bbox 1782 461 1892 493; x_wconf 90' lang='lat' dir='ltr'>cose</span> 
     </span>
     <span class='ocr_line' id='line_1_5' title="bbox 259 520 1892 581; baseline 0.003 -18"><span class='ocrx_word' id='word_1_30' title='bbox 259 520 379 564; x_wconf 90' lang='lat' dir='ltr'>della</span> <span class='ocrx_word' id='word_1_31' title='bbox 400 534 482 564; x_wconf 87' lang='lat' dir='ltr'>sua</span> <span class='ocrx_word' id='word_1_32' title='bbox 502 520 751 577; x_wconf 88' lang='lat' dir='ltr'>prouincia,</span> <span class='ocrx_word' id='word_1_33' title='bbox 777 520 853 578; x_wconf 79' lang='lat' dir='ltr'>gia</span> <span class='ocrx_word' id='word_1_34' title='bbox 873 522 1042 565; x_wconf 77' lang='lat' dir='ltr'>hauera</span> <span class='ocrx_word' id='word_1_35' title='bbox 1058 521 1178 565; x_wconf 88' lang='lat' dir='ltr'>uisto</span> <span class='ocrx_word' id='word_1_36' title='bbox 1194 536 1274 578; x_wconf 90' lang='lat' dir='ltr'>per</span> <span class='ocrx_word' id='word_1_37' title='bbox 1290 522 1333 566; x_wconf 94' lang='grc' dir='ltr'>1ε</span> <span class='ocrx_word' id='word_1_38' title='bbox 1347 522 1507 567; x_wconf 87' lang='lat' dir='ltr'>lettere</span> <span class='ocrx_word' id='word_1_39' title='bbox 1524 523 1570 566; x_wconf 92' lang='lat' dir='ltr'>di</span> <span class='ocrx_word' id='word_1_40' title='bbox 1586 524 1645 567; x_wconf 90' lang='lat' dir='ltr'>N.</span> <span class='ocrx_word' id='word_1_41' title='bbox 1667 526 1720 567; x_wconf 90' lang='lat' dir='ltr'>P.</span> <span class='ocrx_word' id='word_1_42' title='bbox 1741 524 1892 581; x_wconf 92' lang='lat' dir='ltr'>quello</span> 
     </span>
     <span class='ocr_line' id='line_1_6' title="bbox 259 597 1892 652; baseline 0.002 -10"><span class='ocrx_word' id='word_1_43' title='bbox 259 599 348 642; x_wconf 87' lang='lat' dir='ltr'>che</span> <span class='ocrx_word' id='word_1_44' title='bbox 368 612 452 648; x_wconf 87' lang='lat' dir='ltr'>sua</span> <span class='ocrx_word' id='word_1_45' title='bbox 473 597 705 642; x_wconf 81' lang='lat' dir='ltr'>Paternita</span> <span class='ocrx_word' id='word_1_46' title='bbox 726 599 784 642; x_wconf 94' lang='lat' dir='ltr'>ha</span> <span class='ocrx_word' id='word_1_47' title='bbox 805 597 1027 652; x_wconf 89' lang='lat' dir='ltr'>ordinato,</span> <span class='ocrx_word' id='word_1_48' title='bbox 1052 599 1309 642; x_wconf 88' lang='lat' dir='ltr'>mandando</span> <span class='ocrx_word' id='word_1_49' title='bbox 1325 598 1357 641; x_wconf 90' lang='lat' dir='ltr'>il</span> <span class='ocrx_word' id='word_1_50' title='bbox 1379 600 1432 642; x_wconf 94' lang='lat' dir='ltr'>P.</span> <span class='ocrx_word' id='word_1_51' title='bbox 1459 599 1654 644; x_wconf 88' lang='lat' dir='ltr'>Vittoria</span> <span class='ocrx_word' id='word_1_52' title='bbox 1669 615 1696 644; x_wconf 90' lang='lat' dir='ltr'>a</span> <span class='ocrx_word' id='word_1_53' title='bbox 1713 600 1892 646; x_wconf 87' lang='lat' dir='ltr'>Vienna</span> 
     </span>
     <span class='ocr_line' id='line_1_7' title="bbox 260 674 1890 732; baseline 0.002 -14"><span class='ocrx_word' id='word_1_54' title='bbox 260 689 339 731; x_wconf 89' lang='lat' dir='ltr'>per</span> <span class='ocrx_word' id='word_1_55' title='bbox 360 681 521 730; x_wconf 85' lang='lat' dir='ltr'>questo</span> <span class='ocrx_word' id='word_1_56' title='bbox 543 674 709 718; x_wconf 90' lang='lat' dir='ltr'>interin</span> <span class='ocrx_word' id='word_1_57' title='bbox 730 677 815 719; x_wconf 91' lang='lat' dir='ltr'>che</span> <span class='ocrx_word' id='word_1_58' title='bbox 835 674 880 719; x_wconf 94' lang='lat' dir='ltr'>io</span> <span class='ocrx_word' id='word_1_59' title='bbox 900 676 1034 728; x_wconf 87' lang='lat' dir='ltr'>uado,</span> <span class='ocrx_word' id='word_1_60' title='bbox 1060 681 1107 718; x_wconf 85' lang='lat' dir='ltr'>et</span> <span class='ocrx_word' id='word_1_61' title='bbox 1122 674 1372 719; x_wconf 90' lang='lat' dir='ltr'>ordinando</span> <span class='ocrx_word' id='word_1_62' title='bbox 1389 678 1475 721; x_wconf 94' lang='lat' dir='ltr'>che</span> <span class='ocrx_word' id='word_1_63' title='bbox 1491 676 1538 719; x_wconf 92' lang='lat' dir='ltr'>in</span> <span class='ocrx_word' id='word_1_64' title='bbox 1556 684 1716 732; x_wconf 86' lang='lat' dir='ltr'>questo</span> <span class='ocrx_word' id='word_1_65' title='bbox 1732 691 1890 722; x_wconf 91' lang='lat' dir='ltr'>mezzo</span> 
     </span>
     <span class='ocr_line' id='line_1_8' title="bbox 257 751 1891 812; baseline 0.003 -17"><span class='ocrx_word' id='word_1_66' title='bbox 257 751 398 808; x_wconf 88' lang='lat' dir='ltr'>quelli</span> <span class='ocrx_word' id='word_1_67' title='bbox 430 765 455 807; x_wconf 89' lang='lat'>3</span> <span class='ocrx_word' id='word_1_68' title='bbox 477 751 655 809; x_wconf 85' lang='lat' dir='ltr'>collegij</span> <span class='ocrx_word' id='word_1_69' title='bbox 686 751 724 795; x_wconf 86' lang='lat' dir='ltr'>si</span> <span class='ocrx_word' id='word_1_70' title='bbox 751 751 1004 809; x_wconf 84' lang='lat' dir='ltr'>gouernino</span> <span class='ocrx_word' id='word_1_71' title='bbox 1026 751 1282 797; x_wconf 84' lang='lat' dir='ltr'><strong>immediate</strong></span> <span class='ocrx_word' id='word_1_72' title='bbox 1302 767 1383 809; x_wconf 91' lang='lat' dir='ltr'>per</span> <span class='ocrx_word' id='word_1_73' title='bbox 1399 761 1555 797; x_wconf 89' lang='lat' dir='ltr'>nostro</span> <span class='ocrx_word' id='word_1_74' title='bbox 1578 755 1726 799; x_wconf 91' lang='lat' dir='ltr'>Padre</span> <span class='ocrx_word' id='word_1_75' title='bbox 1746 769 1891 812; x_wconf 87' lang='lat' dir='ltr'>gene-</span> 
     </span>
     <span class='ocr_line' id='line_1_9' title="bbox 260 828 1891 888; baseline 0.003 -17"><span class='ocrx_word' id='word_1_76' title='bbox 260 829 352 872; x_wconf 91' lang='lat' dir='ltr'>rale</span> <span class='ocrx_word' id='word_1_77' title='bbox 373 830 402 872; x_wconf 91' lang='lat'>¹.</span> <span class='ocrx_word' id='word_1_78' title='bbox 429 830 614 885; x_wconf 77' lang='lat' dir='ltr'>Quanto</span> <span class='ocrx_word' id='word_1_79' title='bbox 636 829 677 872; x_wconf 85' lang='lat' dir='ltr'>al</span> <span class='ocrx_word' id='word_1_80' title='bbox 700 835 836 882; x_wconf 87' lang='lat' dir='ltr'>resto,</span> <span class='ocrx_word' id='word_1_81' title='bbox 860 828 908 872; x_wconf 90' lang='lat' dir='ltr'>in</span> <span class='ocrx_word' id='word_1_82' title='bbox 929 835 1090 885; x_wconf 89' lang='lat' dir='ltr'>questa</span> <span class='ocrx_word' id='word_1_83' title='bbox 1111 828 1300 874; x_wconf 89' lang='lat' dir='ltr'>materia</span> <span class='ocrx_word' id='word_1_84' title='bbox 1320 828 1364 873; x_wconf 91' lang='lat' dir='ltr'>io</span> <span class='ocrx_word' id='word_1_85' title='bbox 1380 830 1550 874; x_wconf 65' lang='lat' dir='ltr'>andare</span> <span class='ocrx_word' id='word_1_86' title='bbox 1571 845 1661 874; x_wconf 90' lang='lat' dir='ltr'>con</span> <span class='ocrx_word' id='word_1_87' title='bbox 1681 832 1722 875; x_wconf 97' lang='grc'>13</span> <span class='ocrx_word' id='word_1_88' title='bbox 1745 830 1891 888; x_wconf 87' lang='lat' dir='ltr'>gratia</span> 
     </span>
     <span class='ocr_line' id='line_1_10' title="bbox 256 905 1890 964; baseline 0.003 -16"><span class='ocrx_word' id='word_1_89' title='bbox 256 905 305 949; x_wconf 90' lang='lat' dir='ltr'>di</span> <span class='ocrx_word' id='word_1_90' title='bbox 327 907 384 950; x_wconf 90' lang='lat' dir='ltr'>N.</span> <span class='ocrx_word' id='word_1_91' title='bbox 411 907 459 951; x_wconf 91' lang='lat' dir='ltr'>S.</span> <span class='ocrx_word' id='word_1_92' title='bbox 486 914 636 962; x_wconf 87' lang='lat' dir='ltr'>presto</span> <span class='ocrx_word' id='word_1_93' title='bbox 657 907 715 960; x_wconf 80' lang='lat' dir='ltr'>la,</span> <span class='ocrx_word' id='word_1_94' title='bbox 740 912 786 950; x_wconf 90' lang='lat' dir='ltr'>et</span> <span class='ocrx_word' id='word_1_95' title='bbox 813 905 855 950; x_wconf 92' lang='lat' dir='ltr'>ci</span> <span class='ocrx_word' id='word_1_96' title='bbox 882 905 1124 950; x_wconf 89' lang='lat' dir='ltr'>inclinamo</span> <span class='ocrx_word' id='word_1_97' title='bbox 1151 905 1228 963; x_wconf 77' lang='lat' dir='ltr'>gia</span> <span class='ocrx_word' id='word_1_98' title='bbox 1249 905 1355 950; x_wconf 87' lang='lat' dir='ltr'>tutti</span> <span class='ocrx_word' id='word_1_99' title='bbox 1376 907 1461 950; x_wconf 90' lang='lat' dir='ltr'>che</span> <span class='ocrx_word' id='word_1_100' title='bbox 1493 920 1645 964; x_wconf 85' lang='lat' dir='ltr'>uenga</span> <span class='ocrx_word' id='word_1_101' title='bbox 1666 907 1698 950; x_wconf 93' lang='lat' dir='ltr'>il</span> <span class='ocrx_word' id='word_1_102' title='bbox 1719 909 1772 951; x_wconf 87' lang='lat' dir='ltr'><strong>P.</strong></span> <span class='ocrx_word' id='word_1_103' title='bbox 1799 909 1890 953; x_wconf 86' lang='lat' dir='ltr'>La-</span> 
     </span>
     <span class='ocr_line' id='line_1_11' title="bbox 258 983 1889 1040; baseline 0.002 -14"><span class='ocrx_word' id='word_1_104' title='bbox 258 998 349 1040; x_wconf 90' lang='lat' dir='ltr'>noy</span> <span class='ocrx_word' id='word_1_105' title='bbox 369 998 456 1027; x_wconf 89' lang='lat' dir='ltr'>con</span> <span class='ocrx_word' id='word_1_106' title='bbox 477 997 621 1037; x_wconf 92' lang='lat' dir='ltr'>meco,</span> <span class='ocrx_word' id='word_1_107' title='bbox 641 990 687 1028; x_wconf 90' lang='lat' dir='ltr'>et</span> <span class='ocrx_word' id='word_1_108' title='bbox 707 983 754 1026; x_wconf 92' lang='lat' dir='ltr'>in</span> <span class='ocrx_word' id='word_1_109' title='bbox 776 989 902 1027; x_wconf 89' lang='lat' dir='ltr'>tanto</span> <span class='ocrx_word' id='word_1_110' title='bbox 919 996 1126 1026; x_wconf 90' lang='lat' dir='ltr'>cercamo</span> <span class='ocrx_word' id='word_1_111' title='bbox 1142 983 1306 1027; x_wconf 91' lang='lat' dir='ltr'>alcuno</span> <span class='ocrx_word' id='word_1_112' title='bbox 1323 984 1408 1026; x_wconf 91' lang='lat' dir='ltr'>che</span> <span class='ocrx_word' id='word_1_113' title='bbox 1423 997 1558 1040; x_wconf 79' lang='lat' dir='ltr'>possa</span> <span class='ocrx_word' id='word_1_114' title='bbox 1574 998 1726 1029; x_wconf 85' lang='lat' dir='ltr'><strong>essere</strong></span> <span class='ocrx_word' id='word_1_115' title='bbox 1742 983 1788 1028; x_wconf 91' lang='lat' dir='ltr'>in</span> <span class='ocrx_word' id='word_1_116' title='bbox 1804 999 1889 1029; x_wconf 89' lang='lat' dir='ltr'>suo</span> 
     </span>
     <span class='ocr_line' id='line_1_12' title="bbox 258 1059 1890 1118; baseline 0.002 -16"><span class='ocrx_word' id='word_1_117' title='bbox 258 1060 370 1117; x_wconf 78' lang='lat' dir='ltr'>logo</span> <span class='ocrx_word' id='word_1_118' title='bbox 397 1059 444 1103; x_wconf 91' lang='lat' dir='ltr'>in</span> <span class='ocrx_word' id='word_1_119' title='bbox 471 1059 762 1118; x_wconf 86' lang='lat' dir='ltr'><strong>Ingolstadio.</strong></span> <span class='ocrx_word' id='word_1_120' title='bbox 795 1061 852 1104; x_wconf 88' lang='lat' dir='ltr'><strong>V.</strong></span> <span class='ocrx_word' id='word_1_121' title='bbox 884 1061 938 1103; x_wconf 91' lang='lat' dir='ltr'><strong>R.</strong></span> <span class='ocrx_word' id='word_1_122' title='bbox 963 1059 1112 1103; x_wconf 86' lang='lat' dir='ltr'>scriua</span> <span class='ocrx_word' id='word_1_123' title='bbox 1133 1059 1207 1103; x_wconf 93' lang='lat' dir='ltr'>chi</span> <span class='ocrx_word' id='word_1_124' title='bbox 1233 1059 1264 1102; x_wconf 93' lang='lat' dir='ltr'>li</span> <span class='ocrx_word' id='word_1_125' title='bbox 1286 1074 1393 1117; x_wconf 86' lang='lat' dir='ltr'>pare</span> <span class='ocrx_word' id='word_1_126' title='bbox 1414 1062 1543 1116; x_wconf 80' lang='lat' dir='ltr'>potra</span> <span class='ocrx_word' id='word_1_127' title='bbox 1565 1075 1715 1106; x_wconf 81' lang='lat' dir='ltr'><strong>essere</strong></span> <span class='ocrx_word' id='word_1_128' title='bbox 1736 1060 1784 1104; x_wconf 92' lang='lat' dir='ltr'>in</span> <span class='ocrx_word' id='word_1_129' title='bbox 1805 1075 1890 1105; x_wconf 87' lang='lat' dir='ltr'>suo</span> 
     </span>
     <span class='ocr_line' id='line_1_13' title="bbox 261 1137 451 1194; baseline 0.011 -15"><span class='ocrx_word' id='word_1_130' title='bbox 261 1137 400 1194; x_wconf 86' lang='lat' dir='ltr'>luogo</span> <span class='ocrx_word' id='word_1_131' title='bbox 418 1138 451 1181; x_wconf 76' lang='lat'>².</span> 
     </span>
    </p>

    <p class='ocr_par' dir='ltr' id='par_1_4' title="bbox 258 1214 1890 1427">
     <span class='ocr_line' id='line_1_14' title="bbox 352 1214 1890 1271; baseline 0.001 -13"><span class='ocrx_word' id='word_1_132' title='bbox 352 1227 392 1269; x_wconf 90' lang='lat'>3.</span> <span class='ocrx_word' id='word_1_133' title='bbox 460 1216 644 1271; x_wconf 79' lang='lat' dir='ltr'>Quanto</span> <span class='ocrx_word' id='word_1_134' title='bbox 671 1229 698 1258; x_wconf 92' lang='lat' dir='ltr'>a</span> <span class='ocrx_word' id='word_1_135' title='bbox 734 1215 776 1258; x_wconf 90' lang='lat' dir='ltr'>la</span> <span class='ocrx_word' id='word_1_136' title='bbox 798 1228 902 1259; x_wconf 86' lang='lat' dir='ltr'>casa</span> <span class='ocrx_word' id='word_1_137' title='bbox 938 1214 996 1259; x_wconf 93' lang='lat' dir='ltr'>de</span> <span class='ocrx_word' id='word_1_138' title='bbox 1033 1215 1264 1271; x_wconf 85' lang='lat' dir='ltr'>Augusta,</span> <span class='ocrx_word' id='word_1_139' title='bbox 1290 1215 1347 1258; x_wconf 89' lang='lat' dir='ltr'>V.</span> <span class='ocrx_word' id='word_1_140' title='bbox 1388 1215 1443 1258; x_wconf 91' lang='lat' dir='ltr'>R.</span> <span class='ocrx_word' id='word_1_141' title='bbox 1489 1215 1640 1259; x_wconf 84' lang='lat' dir='ltr'>scriua</span> <span class='ocrx_word' id='word_1_142' title='bbox 1666 1230 1717 1260; x_wconf 89' lang='lat' dir='ltr'>se</span> <span class='ocrx_word' id='word_1_143' title='bbox 1753 1217 1812 1259; x_wconf 93' lang='lat' dir='ltr'>ha</span> <span class='ocrx_word' id='word_1_144' title='bbox 1833 1216 1890 1260; x_wconf 92' lang='lat' dir='ltr'>de</span> 
     </span>
     <span class='ocr_line' id='line_1_15' title="bbox 261 1290 1888 1349; baseline 0.001 -15"><span class='ocrx_word' id='word_1_145' title='bbox 261 1290 455 1348; x_wconf 87' lang='lat' dir='ltr'>bisogno</span> <span class='ocrx_word' id='word_1_146' title='bbox 476 1292 520 1334; x_wconf 89' lang='lat' dir='ltr'>d’</span> <span class='ocrx_word' id='word_1_147' title='bbox 540 1291 689 1335; x_wconf 90' lang='lat' dir='ltr'>alcuni</span> <span class='ocrx_word' id='word_1_148' title='bbox 705 1291 805 1335; x_wconf 88' lang='lat' dir='ltr'>altri</span> <span class='ocrx_word' id='word_1_149' title='bbox 823 1291 900 1348; x_wconf 81' lang='grc' dir='ltr'>ρὶὺ.</span> <span class='ocrx_word' id='word_1_150' title='bbox 916 1290 962 1334; x_wconf 92' lang='lat' dir='ltr'>di</span> <span class='ocrx_word' id='word_1_151' title='bbox 977 1290 1115 1347; x_wconf 86' lang='lat' dir='ltr'>quelli</span> <span class='ocrx_word' id='word_1_152' title='bbox 1136 1292 1222 1336; x_wconf 89' lang='lat' dir='ltr'>che</span> <span class='ocrx_word' id='word_1_153' title='bbox 1242 1292 1317 1343; x_wconf 92' lang='lat' dir='ltr'>ha,</span> <span class='ocrx_word' id='word_1_154' title='bbox 1342 1298 1388 1336; x_wconf 91' lang='lat' dir='ltr'>et</span> <span class='ocrx_word' id='word_1_155' title='bbox 1409 1291 1439 1334; x_wconf 91' lang='lat' dir='ltr'>il</span> <span class='ocrx_word' id='word_1_156' title='bbox 1460 1293 1605 1336; x_wconf 90' lang='lat' dir='ltr'>Padre</span> <span class='ocrx_word' id='word_1_157' title='bbox 1620 1293 1888 1349; x_wconf 81' lang='lat' dir='ltr'>prouedera,</span> 
     </span>
     <span class='ocr_line' id='line_1_16' title="bbox 258 1367 1707 1427; baseline 0.001 -15"><span class='ocrx_word' id='word_1_158' title='bbox 258 1383 286 1412; x_wconf 91' lang='grc' dir='ltr'>ο</span> <span class='ocrx_word' id='word_1_159' title='bbox 308 1369 364 1412; x_wconf 93' lang='lat' dir='ltr'>V.</span> <span class='ocrx_word' id='word_1_160' title='bbox 391 1370 446 1412; x_wconf 94' lang='lat' dir='ltr'>R.</span> <span class='ocrx_word' id='word_1_161' title='bbox 470 1368 714 1413; x_wconf 84' lang='lat' dir='ltr'>medesima</span> <span class='ocrx_word' id='word_1_162' title='bbox 734 1367 1008 1412; x_wconf 87' lang='lat' dir='ltr'>s&#39;accomodi</span> <span class='ocrx_word' id='word_1_163' title='bbox 1030 1367 1075 1411; x_wconf 93' lang='lat' dir='ltr'>di</span> <span class='ocrx_word' id='word_1_164' title='bbox 1097 1369 1247 1425; x_wconf 90' lang='lat' dir='ltr'>quello</span> <span class='ocrx_word' id='word_1_165' title='bbox 1269 1370 1354 1411; x_wconf 88' lang='lat' dir='ltr'>che</span> <span class='ocrx_word' id='word_1_166' title='bbox 1375 1371 1475 1413; x_wconf 80' lang='lat' dir='ltr'>sara</span> <span class='ocrx_word' id='word_1_167' title='bbox 1497 1368 1707 1427; x_wconf 80' lang='lat' dir='ltr'><strong>bisogno.</strong></span> 
     </span>
    </p>

    <p class='ocr_par' dir='ltr' id='par_1_5' title="bbox 254 1444 1892 1810">
     <span class='ocr_line' id='line_1_17' title="bbox 346 1444 1892 1502; baseline 0 -13"><span class='ocrx_word' id='word_1_168' title='bbox 346 1458 390 1500; x_wconf 91' lang='lat'>4.</span> <span class='ocrx_word' id='word_1_169' title='bbox 455 1446 620 1502; x_wconf 78' lang='lat' dir='ltr'>Quello</span> <span class='ocrx_word' id='word_1_170' title='bbox 641 1447 726 1490; x_wconf 90' lang='lat' dir='ltr'>che</span> <span class='ocrx_word' id='word_1_171' title='bbox 747 1445 847 1490; x_wconf 91' lang='lat' dir='ltr'>dice</span> <span class='ocrx_word' id='word_1_172' title='bbox 874 1446 959 1489; x_wconf 90' lang='lat' dir='ltr'>che</span> <span class='ocrx_word' id='word_1_173' title='bbox 981 1444 1020 1489; x_wconf 86' lang='lat' dir='ltr'>si</span> <span class='ocrx_word' id='word_1_174' title='bbox 1041 1447 1100 1490; x_wconf 90' lang='lat' dir='ltr'>ha</span> <span class='ocrx_word' id='word_1_175' title='bbox 1122 1445 1167 1488; x_wconf 90' lang='lat' dir='ltr'>di</span> <span class='ocrx_word' id='word_1_176' title='bbox 1188 1446 1440 1502; x_wconf 89' lang='lat' dir='ltr'>prouedere</span> <span class='ocrx_word' id='word_1_177' title='bbox 1467 1445 1572 1490; x_wconf 91' lang='lat' dir='ltr'>delli</span> <span class='ocrx_word' id='word_1_178' title='bbox 1598 1444 1759 1491; x_wconf 87' lang='lat' dir='ltr'>fratelli</span> <span class='ocrx_word' id='word_1_179' title='bbox 1786 1445 1892 1490; x_wconf 89' lang='lat' dir='ltr'>delli</span> 
     </span>
     <span class='ocr_line' id='line_1_18' title="bbox 254 1522 1888 1580; baseline 0.001 -14"><span class='ocrx_word' id='word_1_180' title='bbox 254 1522 434 1580; x_wconf 86' lang='lat' dir='ltr'>collegij</span> <span class='ocrx_word' id='word_1_181' title='bbox 473 1522 800 1580; x_wconf 85' lang='lat' dir='ltr'>d’Ingolstadio</span> <span class='ocrx_word' id='word_1_182' title='bbox 834 1531 880 1566; x_wconf 91' lang='lat' dir='ltr'>et</span> <span class='ocrx_word' id='word_1_183' title='bbox 910 1523 969 1567; x_wconf 94' lang='lat' dir='ltr'>de</span> <span class='ocrx_word' id='word_1_184' title='bbox 1006 1522 1283 1579; x_wconf 87' lang='lat' dir='ltr'>Oenipont0‚</span> <span class='ocrx_word' id='word_1_185' title='bbox 1323 1523 1368 1567; x_wconf 94' lang='lat' dir='ltr'>io</span> <span class='ocrx_word' id='word_1_186' title='bbox 1405 1524 1438 1566; x_wconf 93' lang='lat' dir='ltr'>l&#39;</span> <span class='ocrx_word' id='word_1_187' title='bbox 1463 1525 1522 1567; x_wconf 93' lang='lat' dir='ltr'>ho</span> <span class='ocrx_word' id='word_1_188' title='bbox 1554 1522 1759 1567; x_wconf 86' lang='lat' dir='ltr'>ordinato</span> <span class='ocrx_word' id='word_1_189' title='bbox 1796 1522 1888 1580; x_wconf 82' lang='lat' dir='ltr'><strong>gia.</strong></span> 
     </span>
     <span class='ocr_line' id='line_1_19' title="bbox 257 1599 1892 1657; baseline 0.001 -15"><span class='ocrx_word' id='word_1_190' title='bbox 257 1599 376 1643; x_wconf 90' lang='lat' dir='ltr'><strong>Delli</strong></span> <span class='ocrx_word' id='word_1_191' title='bbox 396 1599 497 1643; x_wconf 82' lang='lat' dir='ltr'>altri</span> <span class='ocrx_word' id='word_1_192' title='bbox 517 1600 562 1643; x_wconf 91' lang='lat' dir='ltr'>d&#39;</span> <span class='ocrx_word' id='word_1_193' title='bbox 587 1599 862 1657; x_wconf 84' lang='lat' dir='ltr'>Ingolstadio</span> <span class='ocrx_word' id='word_1_194' title='bbox 883 1600 1031 1644; x_wconf 87' lang='lat' dir='ltr'>scriua</span> <span class='ocrx_word' id='word_1_195' title='bbox 1053 1599 1450 1656; x_wconf 84' lang='lat' dir='ltr'>particularmente</span> <span class='ocrx_word' id='word_1_196' title='bbox 1472 1601 1577 1656; x_wconf 90' lang='lat' dir='ltr'>quel</span> <span class='ocrx_word' id='word_1_197' title='bbox 1599 1602 1684 1643; x_wconf 91' lang='lat' dir='ltr'>che</span> <span class='ocrx_word' id='word_1_198' title='bbox 1715 1599 1892 1644; x_wconf 86' lang='lat' dir='ltr'>deside-</span> 
     </span>
     <span class='ocr_line' id='line_1_20' title="bbox 258 1670 1892 1735; baseline 0.001 -16"><span class='ocrx_word' id='word_1_199' title='bbox 258 1691 323 1730; x_wconf 92' lang='lat' dir='ltr'>ra,</span> <span class='ocrx_word' id='word_1_200' title='bbox 348 1683 394 1721; x_wconf 93' lang='lat' dir='ltr'>et</span> <span class='ocrx_word' id='word_1_201' title='bbox 415 1676 452 1721; x_wconf 88' lang='lat' dir='ltr'>si</span> <span class='ocrx_word' id='word_1_202' title='bbox 468 1677 730 1733; x_wconf 79' lang='lat' dir='ltr'>provedera3</span> <span class='ocrx_word' id='word_1_203' title='bbox 754 1678 920 1734; x_wconf 78' lang='lat' dir='ltr'><strong>perche</strong></span> <span class='ocrx_word' id='word_1_204' title='bbox 942 1678 999 1721; x_wconf 91' lang='lat' dir='ltr'>V.</span> <span class='ocrx_word' id='word_1_205' title='bbox 1042 1679 1095 1720; x_wconf 88' lang='lat' dir='ltr'>P.</span> <span class='ocrx_word' id='word_1_206' title='bbox 1122 1678 1180 1721; x_wconf 92' lang='lat' dir='ltr'>ha</span> <span class='ocrx_word' id='word_1_207' title='bbox 1207 1677 1284 1734; x_wconf 78' lang='lat' dir='ltr'>gia</span> <span class='ocrx_word' id='word_1_208' title='bbox 1306 1670 1499 1735; x_wconf 83' lang='lat' dir='ltr'>risposto</span> <span class='ocrx_word' id='word_1_209' title='bbox 1521 1678 1563 1721; x_wconf 89' lang='lat' dir='ltr'>al</span> <span class='ocrx_word' id='word_1_210' title='bbox 1587 1679 1640 1720; x_wconf 90' lang='lat' dir='ltr'>P.</span> <span class='ocrx_word' id='word_1_211' title='bbox 1668 1678 1824 1733; x_wconf 91' lang='lat' dir='ltr'>Lanoy</span> <span class='ocrx_word' id='word_1_212' title='bbox 1845 1676 1892 1720; x_wconf 87' lang='lat' dir='ltr'>di</span> 
     </span>
     <span class='ocr_line' id='line_1_21' title="bbox 255 1754 908 1810; baseline 0.003 -13"><span class='ocrx_word' id='word_1_213' title='bbox 255 1760 380 1798; x_wconf 53' lang='lat' dir='ltr'><strong>*tutto</strong></span> <span class='ocrx_word' id='word_1_214' title='bbox 402 1755 507 1810; x_wconf 93' lang='lat' dir='ltr'>quel</span> <span class='ocrx_word' id='word_1_215' title='bbox 527 1756 613 1799; x_wconf 90' lang='lat' dir='ltr'>che</span> <span class='ocrx_word' id='word_1_216' title='bbox 634 1754 664 1797; x_wconf 91' lang='lat' dir='ltr'>li</span> <span class='ocrx_word' id='word_1_217' title='bbox 685 1754 908 1799; x_wconf 88' lang='lat' dir='ltr'>scriueua.</span> 
     </span>
    </p>

    <p class='ocr_par' dir='ltr' id='par_1_6' title="bbox 258 1830 1892 1965">
     <span class='ocr_line' id='line_1_22' title="bbox 351 1830 1892 1889; baseline -0.001 -15"><span class='ocrx_word' id='word_1_218' title='bbox 351 1841 391 1886; x_wconf 89' lang='lat'>5.</span> <span class='ocrx_word' id='word_1_219' title='bbox 458 1833 523 1876; x_wconf 94' lang='lat' dir='ltr'>La</span> <span class='ocrx_word' id='word_1_220' title='bbox 544 1831 741 1875; x_wconf 85' lang='lat' dir='ltr'>diuision</span> <span class='ocrx_word' id='word_1_221' title='bbox 777 1832 833 1876; x_wconf 92' lang='lat' dir='ltr'>de</span> <span class='ocrx_word' id='word_1_222' title='bbox 862 1833 904 1889; x_wconf 87' lang='lat' dir='ltr'>la</span> <span class='ocrx_word' id='word_1_223' title='bbox 931 1831 1164 1889; x_wconf 91' lang='lat' dir='ltr'>prouincia</span> <span class='ocrx_word' id='word_1_224' title='bbox 1185 1846 1276 1876; x_wconf 89' lang='lat' dir='ltr'>non</span> <span class='ocrx_word' id='word_1_225' title='bbox 1303 1831 1342 1875; x_wconf 88' lang='lat' dir='ltr'>si</span> <span class='ocrx_word' id='word_1_226' title='bbox 1369 1832 1464 1876; x_wconf 79' lang='lat' dir='ltr'>fara</span> <span class='ocrx_word' id='word_1_227' title='bbox 1486 1847 1535 1876; x_wconf 85' lang='lat' dir='ltr'>se</span> <span class='ocrx_word' id='word_1_228' title='bbox 1563 1846 1654 1874; x_wconf 91' lang='lat' dir='ltr'>non</span> <span class='ocrx_word' id='word_1_229' title='bbox 1682 1830 1892 1874; x_wconf 89' lang='lat' dir='ltr'>andando</span> 
     </span>
     <span class='ocr_line' id='line_1_23' title="bbox 258 1907 1696 1965; baseline 0.001 -15"><span class='ocrx_word' id='word_1_230' title='bbox 258 1907 304 1951; x_wconf 88' lang='lat' dir='ltr'>io</span> <span class='ocrx_word' id='word_1_231' title='bbox 325 1923 352 1951; x_wconf 93' lang='lat' dir='ltr'>a</span> <span class='ocrx_word' id='word_1_232' title='bbox 373 1908 565 1953; x_wconf 82' lang='lat' dir='ltr'>Vienna:</span> <span class='ocrx_word' id='word_1_233' title='bbox 585 1908 631 1951; x_wconf 91' lang='lat' dir='ltr'>in</span> <span class='ocrx_word' id='word_1_234' title='bbox 653 1914 779 1952; x_wconf 89' lang='lat' dir='ltr'>tanto</span> <span class='ocrx_word' id='word_1_235' title='bbox 800 1907 838 1951; x_wconf 87' lang='lat' dir='ltr'>si</span> <span class='ocrx_word' id='word_1_236' title='bbox 860 1911 1114 1965; x_wconf 80' lang='lat' dir='ltr'>gouernara</span> <span class='ocrx_word' id='word_1_237' title='bbox 1136 1908 1165 1951; x_wconf 93' lang='lat' dir='ltr'>il</span> <span class='ocrx_word' id='word_1_238' title='bbox 1189 1915 1308 1952; x_wconf 89' lang='lat' dir='ltr'>tutto</span> <span class='ocrx_word' id='word_1_239' title='bbox 1329 1922 1458 1953; x_wconf 89' lang='lat' dir='ltr'>come</span> <span class='ocrx_word' id='word_1_240' title='bbox 1480 1910 1539 1951; x_wconf 90' lang='lat' dir='ltr'>ho</span> <span class='ocrx_word' id='word_1_241' title='bbox 1555 1908 1696 1952; x_wconf 89' lang='lat' dir='ltr'><strong>detto.</strong></span> 
     </span>
    </p>

    <p class='ocr_par' dir='ltr' id='par_1_7' title="bbox 255 1983 1893 2197">
     <span class='ocr_line' id='line_1_24' title="bbox 349 1983 1893 2029; baseline -0.001 -1"><span class='ocrx_word' id='word_1_242' title='bbox 349 1985 391 2028; x_wconf 89' lang='lat'>6.</span> <span class='ocrx_word' id='word_1_243' title='bbox 456 1986 578 2029; x_wconf 76' lang='lat' dir='ltr'>Dell’</span> <span class='ocrx_word' id='word_1_244' title='bbox 603 1987 745 2029; x_wconf 88' lang='lat' dir='ltr'>hauer</span> <span class='ocrx_word' id='word_1_245' title='bbox 776 1985 941 2029; x_wconf 79' lang='lat' dir='ltr'>facolta</span> <span class='ocrx_word' id='word_1_246' title='bbox 971 1984 1090 2029; x_wconf 86' lang='lat' dir='ltr'>circa</span> <span class='ocrx_word' id='word_1_247' title='bbox 1111 1986 1155 2029; x_wconf 87' lang='lat' dir='ltr'>la</span> <span class='ocrx_word' id='word_1_248' title='bbox 1186 1984 1375 2029; x_wconf 90' lang='lat' dir='ltr'>iuridica</span> <span class='ocrx_word' id='word_1_249' title='bbox 1412 1985 1697 2029; x_wconf 85' lang='lat' dir='ltr'>absolutione</span> <span class='ocrx_word' id='word_1_250' title='bbox 1728 1991 1774 2028; x_wconf 90' lang='lat' dir='ltr'>et</span> <span class='ocrx_word' id='word_1_251' title='bbox 1796 1983 1893 2027; x_wconf 87' lang='lat' dir='ltr'>dis—</span> 
     </span>
     <span class='ocr_line' id='line_1_25' title="bbox 260 2061 1893 2120; baseline -0.001 -12"><span class='ocrx_word' id='word_1_252' title='bbox 260 2062 525 2120; x_wconf 84' lang='lat' dir='ltr'>pensatione</span> <span class='ocrx_word' id='word_1_253' title='bbox 546 2063 929 2120; x_wconf 76' lang='lat' dir='ltr'>irregularitatis,</span> <span class='ocrx_word' id='word_1_254' title='bbox 956 2077 1005 2106; x_wconf 87' lang='lat' dir='ltr'>se</span> <span class='ocrx_word' id='word_1_255' title='bbox 1025 2064 1083 2106; x_wconf 91' lang='lat' dir='ltr'>ha</span> <span class='ocrx_word' id='word_1_256' title='bbox 1110 2061 1248 2106; x_wconf 84' lang='lat' dir='ltr'>scrito</span> <span class='ocrx_word' id='word_1_257' title='bbox 1269 2062 1346 2120; x_wconf 79' lang='lat' dir='ltr'>gia</span> <span class='ocrx_word' id='word_1_258' title='bbox 1369 2078 1395 2107; x_wconf 90' lang='lat' dir='ltr'>a</span> <span class='ocrx_word' id='word_1_259' title='bbox 1418 2065 1578 2115; x_wconf 90' lang='lat' dir='ltr'>Roma,</span> <span class='ocrx_word' id='word_1_260' title='bbox 1603 2069 1649 2107; x_wconf 87' lang='lat' dir='ltr'>et</span> <span class='ocrx_word' id='word_1_261' title='bbox 1672 2063 1747 2107; x_wconf 91' lang='lat' dir='ltr'>nel</span> <span class='ocrx_word' id='word_1_262' title='bbox 1774 2061 1893 2106; x_wconf 87' lang='lat' dir='ltr'>inte-</span> 
     </span>
     <span class='ocr_line' id='line_1_26' title="bbox 255 2138 1577 2197; baseline 0.001 -16"><span class='ocrx_word' id='word_1_263' title='bbox 255 2139 344 2183; x_wconf 85' lang='lat' dir='ltr'>rim</span> <span class='ocrx_word' id='word_1_264' title='bbox 365 2139 441 2197; x_wconf 81' lang='lat' dir='ltr'>gia</span> <span class='ocrx_word' id='word_1_265' title='bbox 464 2139 583 2184; x_wconf 89' lang='lat' dir='ltr'>tiene</span> <span class='ocrx_word' id='word_1_266' title='bbox 605 2141 663 2183; x_wconf 96' lang='lat' dir='ltr'>V.</span> <span class='ocrx_word' id='word_1_267' title='bbox 689 2141 743 2183; x_wconf 93' lang='lat' dir='ltr'>R.</span> <span class='ocrx_word' id='word_1_268' title='bbox 769 2138 1022 2183; x_wconf 86' lang='lat' dir='ltr'>resolucion</span> <span class='ocrx_word' id='word_1_269' title='bbox 1045 2138 1164 2183; x_wconf 89' lang='lat' dir='ltr'>circa</span> <span class='ocrx_word' id='word_1_270' title='bbox 1185 2139 1216 2182; x_wconf 91' lang='lat' dir='ltr'>l&#39;</span> <span class='ocrx_word' id='word_1_271' title='bbox 1240 2139 1526 2184; x_wconf 86' lang='lat' dir='ltr'>absolutione</span> <span class='ocrx_word' id='word_1_272' title='bbox 1545 2141 1577 2182; x_wconf 82' lang='lat'>⁵.</span> 
     </span>
    </p>
   </div>
   <div class='ocr_carea' id='block_1_4' title="bbox 337 2275 548 2281">
    <p class='ocr_par' dir='ltr' id='par_1_8' title="bbox 337 2275 548 2281">
     <span class='ocr_line' id='line_1_27' title="bbox 337 2275 548 2281; baseline 0 0"><span class='ocrx_word' id='word_1_273' title='bbox 337 2275 548 2281; x_wconf 95' lang='lat' dir='ltr'> </span> 
     </span>
    </p>
   </div>
   <div class='ocr_carea' id='block_1_5' title="bbox 260 2364 1898 3124">
    <p class='ocr_par' dir='ltr' id='par_1_9' title="bbox 264 2364 1891 2472">
     <span class='ocr_line' id='line_1_28' title="bbox 334 2364 1891 2412; baseline 0 -12"><span class='ocrx_word' id='word_1_274' title='bbox 334 2364 345 2385; x_wconf 84' lang='lat'><strong>¹</strong></span> <span class='ocrx_word' id='word_1_275' title='bbox 396 2365 496 2401; x_wconf 89' lang='lat' dir='ltr'>Vide</span> <span class='ocrx_word' id='word_1_276' title='bbox 514 2364 718 2412; x_wconf 90' lang='lat' dir='ltr'>epistolam</span> <span class='ocrx_word' id='word_1_277' title='bbox 735 2365 895 2401; x_wconf 90' lang='lat' dir='ltr'>Polanci</span> <span class='ocrx_word' id='word_1_278' title='bbox 908 2364 956 2400; x_wconf 92' lang='lat' dir='ltr'>ad</span> <span class='ocrx_word' id='word_1_279' title='bbox 972 2365 1172 2402; x_wconf 84' lang='lat' dir='ltr'>canisium</span> <span class='ocrx_word' id='word_1_280' title='bbox 1193 2365 1234 2401; x_wconf 90' lang='lat'>18</span> <span class='ocrx_word' id='word_1_281' title='bbox 1252 2366 1484 2402; x_wconf 85' lang='lat' dir='ltr'>Decembris</span> <span class='ocrx_word' id='word_1_282' title='bbox 1507 2366 1597 2411; x_wconf 84' lang='lat'>1562</span> <span class='ocrx_word' id='word_1_283' title='bbox 1620 2366 1767 2412; x_wconf 88' lang='lat' dir='ltr'>datam,</span> <span class='ocrx_word' id='word_1_284' title='bbox 1788 2364 1891 2412; x_wconf 89' lang='lat' dir='ltr'>apud</span> 
     </span>
     <span class='ocr_line' id='line_1_29' title="bbox 264 2424 1121 2472; baseline 0 -12"><span class='ocrx_word' id='word_1_285' title='bbox 264 2425 621 2472; x_wconf 79' lang='lat' dir='ltr'><strong>BRAUNSBERGER,</strong></span> <span class='ocrx_word' id='word_1_286' title='bbox 640 2426 713 2461; x_wconf 90' lang='lat' dir='ltr'><strong>loc.</strong></span> <span class='ocrx_word' id='word_1_287' title='bbox 732 2424 823 2469; x_wconf 90' lang='lat' dir='ltr'><strong>cit.‚</strong></span> <span class='ocrx_word' id='word_1_288' title='bbox 843 2425 914 2469; x_wconf 88' lang='lat'>111,</span> <span class='ocrx_word' id='word_1_289' title='bbox 934 2424 1018 2471; x_wconf 88' lang='lat'>568,</span> <span class='ocrx_word' id='word_1_290' title='bbox 1039 2425 1121 2470; x_wconf 86' lang='lat'><strong>569.</strong></span> 
     </span>
    </p>

    <p class='ocr_par' dir='ltr' id='par_1_10' title="bbox 260 2483 1898 3065">
     <span class='ocr_line' id='line_1_30' title="bbox 335 2483 1895 2531; baseline 0 -12"><span class='ocrx_word' id='word_1_291' title='bbox 335 2486 349 2505; x_wconf 77' lang='lat'><strong>²</strong></span> <span class='ocrx_word' id='word_1_292' title='bbox 399 2483 511 2519; x_wconf 87' lang='lat' dir='ltr'>Prius</span> <span class='ocrx_word' id='word_1_293' title='bbox 526 2495 603 2519; x_wconf 89' lang='lat' dir='ltr'>non</span> <span class='ocrx_word' id='word_1_294' title='bbox 618 2495 667 2520; x_wconf 89' lang='lat' dir='ltr'>ex</span> <span class='ocrx_word' id='word_1_295' title='bbox 680 2484 917 2531; x_wconf 87' lang='lat' dir='ltr'>Ingolstadio</span> <span class='ocrx_word' id='word_1_296' title='bbox 932 2484 1156 2520; x_wconf 87' lang='lat' dir='ltr'>educendus</span> <span class='ocrx_word' id='word_1_297' title='bbox 1170 2484 1376 2521; x_wconf 88' lang='lat' dir='ltr'>videbatur</span> <span class='ocrx_word' id='word_1_298' title='bbox 1386 2485 1556 2521; x_wconf 86' lang='lat' dir='ltr'>Lanoius</span> <span class='ocrx_word' id='word_1_299' title='bbox 1571 2484 1678 2529; x_wconf 92' lang='lat' dir='ltr'>(vide</span> <span class='ocrx_word' id='word_1_300' title='bbox 1690 2484 1895 2531; x_wconf 89' lang='lat' dir='ltr'>epistolam</span> 
     </span>
     <span class='ocr_line' id='line_1_31' title="bbox 260 2541 1894 2591; baseline 0.001 -14"><span class='ocrx_word' id='word_1_301' title='bbox 260 2541 361 2587; x_wconf 85' lang='lat'>239);</span> <span class='ocrx_word' id='word_1_302' title='bbox 381 2547 517 2589; x_wconf 85' lang='lat' dir='ltr'>postea</span> <span class='ocrx_word' id='word_1_303' title='bbox 535 2555 627 2579; x_wconf 90' lang='lat' dir='ltr'>vero</span> <span class='ocrx_word' id='word_1_304' title='bbox 644 2543 693 2579; x_wconf 89' lang='lat' dir='ltr'>de</span> <span class='ocrx_word' id='word_1_305' title='bbox 710 2543 794 2590; x_wconf 86' lang='lat' dir='ltr'>ipso</span> <span class='ocrx_word' id='word_1_306' title='bbox 812 2544 1039 2591; x_wconf 90' lang='lat' dir='ltr'>provinciali</span> <span class='ocrx_word' id='word_1_307' title='bbox 1056 2543 1223 2580; x_wconf 87' lang='lat' dir='ltr'>creando</span> <span class='ocrx_word' id='word_1_308' title='bbox 1239 2544 1453 2591; x_wconf 85' lang='lat' dir='ltr'>cogitatum</span> <span class='ocrx_word' id='word_1_309' title='bbox 1482 2550 1556 2589; x_wconf 87' lang='lat' dir='ltr'>est,</span> <span class='ocrx_word' id='word_1_310' title='bbox 1571 2556 1647 2591; x_wconf 91' lang='lat' dir='ltr'>qua</span> <span class='ocrx_word' id='word_1_311' title='bbox 1673 2543 1722 2579; x_wconf 93' lang='lat' dir='ltr'>de</span> <span class='ocrx_word' id='word_1_312' title='bbox 1741 2555 1783 2578; x_wconf 90' lang='lat' dir='ltr'>re</span> <span class='ocrx_word' id='word_1_313' title='bbox 1797 2543 1894 2578; x_wconf 89' lang='lat' dir='ltr'>haec</span> 
     </span>
     <span class='ocr_line' id='line_1_32' title="bbox 265 2601 1895 2649; baseline 0 -13"><span class='ocrx_word' id='word_1_314' title='bbox 265 2602 464 2637; x_wconf 88' lang='lat' dir='ltr'>scribebat</span> <span class='ocrx_word' id='word_1_315' title='bbox 476 2602 665 2638; x_wconf 88' lang='lat' dir='ltr'>Polancus</span> <span class='ocrx_word' id='word_1_316' title='bbox 683 2603 788 2638; x_wconf 89' lang='lat' dir='ltr'>Patri</span> <span class='ocrx_word' id='word_1_317' title='bbox 806 2602 1007 2648; x_wconf 86' lang='lat' dir='ltr'>Madridio,</span> <span class='ocrx_word' id='word_1_318' title='bbox 1025 2601 1066 2638; x_wconf 80' lang='lat'>31</span> <span class='ocrx_word' id='word_1_319' title='bbox 1089 2604 1320 2640; x_wconf 89' lang='lat' dir='ltr'>Decembris</span> <span class='ocrx_word' id='word_1_320' title='bbox 1341 2604 1444 2649; x_wconf 87' lang='lat'>1562:</span> <span class='ocrx_word' id='word_1_321' title='bbox 1465 2603 1737 2639; x_wconf 76' lang='lat' dir='ltr'>«Haziendose</span> <span class='ocrx_word' id='word_1_322' title='bbox 1751 2606 1895 2637; x_wconf 89' lang='lat' dir='ltr'>cuenta</span> 
     </span>
     <span class='ocr_line' id='line_1_33' title="bbox 263 2660 1895 2710; baseline 0 -14"><span class='ocrx_word' id='word_1_323' title='bbox 263 2661 315 2696; x_wconf 91' lang='lat' dir='ltr'>de</span> <span class='ocrx_word' id='word_1_324' title='bbox 331 2660 473 2696; x_wconf 79' lang='lat' dir='ltr'>diuidit</span> <span class='ocrx_word' id='word_1_325' title='bbox 490 2662 527 2696; x_wconf 90' lang='grc'>13</span> <span class='ocrx_word' id='word_1_326' title='bbox 543 2662 742 2708; x_wconf 90' lang='lat' dir='ltr'>prouincia</span> <span class='ocrx_word' id='word_1_327' title='bbox 759 2662 808 2698; x_wconf 93' lang='lat' dir='ltr'>de</span> <span class='ocrx_word' id='word_1_328' title='bbox 832 2663 868 2698; x_wconf 92' lang='lat' dir='ltr'>la</span> <span class='ocrx_word' id='word_1_329' title='bbox 891 2661 1067 2709; x_wconf 86' lang='lat' dir='ltr'>superior</span> <span class='ocrx_word' id='word_1_330' title='bbox 1089 2663 1300 2699; x_wconf 89' lang='lat' dir='ltr'>Germania</span> <span class='ocrx_word' id='word_1_331' title='bbox 1322 2675 1372 2699; x_wconf 93' lang='lat' dir='ltr'>en</span> <span class='ocrx_word' id='word_1_332' title='bbox 1395 2663 1469 2699; x_wconf 90' lang='lat' dir='ltr'>dos</span> <span class='ocrx_word' id='word_1_333' title='bbox 1493 2668 1639 2710; x_wconf 88' lang='lat' dir='ltr'>partes,</span> <span class='ocrx_word' id='word_1_334' title='bbox 1657 2674 1683 2708; x_wconf 92' lang='lat' dir='ltr'><strong>y</strong></span> <span class='ocrx_word' id='word_1_335' title='bbox 1701 2661 1750 2696; x_wconf 92' lang='lat' dir='ltr'>de</span> <span class='ocrx_word' id='word_1_336' title='bbox 1776 2662 1895 2696; x_wconf 88' lang='lat' dir='ltr'>hazer</span> 
     </span>
     <span class='ocr_line' id='line_1_34' title="bbox 266 2719 1894 2769; baseline -0.001 -13"><span class='ocrx_word' id='word_1_337' title='bbox 266 2720 478 2768; x_wconf 89' lang='lat' dir='ltr'>prouincial</span> <span class='ocrx_word' id='word_1_338' title='bbox 496 2719 545 2756; x_wconf 91' lang='lat' dir='ltr'>de</span> <span class='ocrx_word' id='word_1_339' title='bbox 563 2733 639 2757; x_wconf 92' lang='lat' dir='ltr'>una</span> <span class='ocrx_word' id='word_1_340' title='bbox 656 2721 777 2757; x_wconf 88' lang='lat' dir='ltr'>dellas</span> <span class='ocrx_word' id='word_1_341' title='bbox 795 2723 829 2757; x_wconf 88' lang='grc'>31</span> <span class='ocrx_word' id='word_1_342' title='bbox 848 2721 983 2757; x_wconf 91' lang='lat' dir='ltr'>doctor</span> <span class='ocrx_word' id='word_1_343' title='bbox 1000 2722 1148 2769; x_wconf 85' lang='lat' dir='ltr'>Lanoy,</span> <span class='ocrx_word' id='word_1_344' title='bbox 1167 2724 1268 2758; x_wconf 75' lang='lat' dir='ltr'>serIa</span> <span class='ocrx_word' id='word_1_345' title='bbox 1292 2728 1490 2759; x_wconf 88' lang='lat' dir='ltr'>menester</span> <span class='ocrx_word' id='word_1_346' title='bbox 1516 2734 1567 2757; x_wconf 92' lang='lat' dir='ltr'>un</span> <span class='ocrx_word' id='word_1_347' title='bbox 1592 2726 1720 2756; x_wconf 89' lang='lat' dir='ltr'>rector</span> <span class='ocrx_word' id='word_1_348' title='bbox 1738 2730 1830 2767; x_wconf 89' lang='lat' dir='ltr'>para</span> <span class='ocrx_word' id='word_1_349' title='bbox 1856 2719 1894 2754; x_wconf 89' lang='lat' dir='ltr'>el</span> 
     </span>
     <span class='ocr_line' id='line_1_35' title="bbox 262 2779 1895 2826; baseline -0.001 -11"><span class='ocrx_word' id='word_1_350' title='bbox 262 2779 432 2825; x_wconf 88' lang='lat' dir='ltr'>collegio</span> <span class='ocrx_word' id='word_1_351' title='bbox 449 2779 498 2815; x_wconf 91' lang='lat' dir='ltr'>de</span> <span class='ocrx_word' id='word_1_352' title='bbox 515 2780 772 2826; x_wconf 88' lang='lat' dir='ltr'><strong>Ingolstadio.</strong></span> <span class='ocrx_word' id='word_1_353' title='bbox 796 2781 844 2816; x_wconf 94' lang='lat' dir='ltr'>V.</span> <span class='ocrx_word' id='word_1_354' title='bbox 864 2781 912 2816; x_wconf 91' lang='lat' dir='ltr'>R.</span> <span class='ocrx_word' id='word_1_355' title='bbox 932 2780 1027 2816; x_wconf 91' lang='lat' dir='ltr'>mire</span> <span class='ocrx_word' id='word_1_356' title='bbox 1041 2781 1075 2817; x_wconf 89' lang='lat' dir='ltr'>si</span> <span class='ocrx_word' id='word_1_357' title='bbox 1093 2793 1142 2817; x_wconf 91' lang='lat' dir='ltr'>en</span> <span class='ocrx_word' id='word_1_358' title='bbox 1156 2782 1292 2826; x_wconf 89' lang='lat' dir='ltr'>Roma,</span> <span class='ocrx_word' id='word_1_359' title='bbox 1307 2785 1330 2817; x_wconf 88' lang='grc' dir='ltr'><strong>ό</strong></span> <span class='ocrx_word' id='word_1_360' title='bbox 1345 2793 1394 2818; x_wconf 90' lang='lat' dir='ltr'>en</span> <span class='ocrx_word' id='word_1_361' title='bbox 1412 2782 1524 2817; x_wconf 87' lang='lat' dir='ltr'>Italia</span> <span class='ocrx_word' id='word_1_362' title='bbox 1538 2781 1631 2816; x_wconf 89' lang='lat' dir='ltr'>sabe</span> <span class='ocrx_word' id='word_1_363' title='bbox 1646 2780 1788 2825; x_wconf 87' lang='lat' dir='ltr'>alguno</span> <span class='ocrx_word' id='word_1_364' title='bbox 1803 2782 1895 2824; x_wconf 91' lang='lat' dir='ltr'>apto</span> 
     </span>
     <span class='ocr_line' id='line_1_36' title="bbox 267 2835 1896 2887; baseline -0.001 -13"><span class='ocrx_word' id='word_1_365' title='bbox 267 2850 357 2886; x_wconf 86' lang='lat' dir='ltr'>para</span> <span class='ocrx_word' id='word_1_366' title='bbox 375 2840 427 2875; x_wconf 86' lang='lat' dir='ltr'>tal</span> <span class='ocrx_word' id='word_1_367' title='bbox 445 2844 598 2884; x_wconf 89' lang='lat' dir='ltr'>asunto‚</span> <span class='ocrx_word' id='word_1_368' title='bbox 617 2851 706 2875; x_wconf 87' lang='lat' dir='ltr'>aora</span> <span class='ocrx_word' id='word_1_369' title='bbox 723 2852 790 2876; x_wconf 90' lang='lat' dir='ltr'>sea</span> <span class='ocrx_word' id='word_1_370' title='bbox 808 2840 1010 2885; x_wconf 91' lang='lat' dir='ltr'>thudesco‚</span> <span class='ocrx_word' id='word_1_371' title='bbox 1028 2852 1119 2876; x_wconf 85' lang='lat' dir='ltr'>aora</span> <span class='ocrx_word' id='word_1_372' title='bbox 1141 2841 1345 2887; x_wconf 89' lang='lat' dir='ltr'>flamenco,</span> <span class='ocrx_word' id='word_1_373' title='bbox 1370 2852 1459 2876; x_wconf 89' lang='lat' dir='ltr'>aora</span> <span class='ocrx_word' id='word_1_374' title='bbox 1483 2840 1656 2883; x_wconf 81' lang='lat' dir='ltr'>italian03</span> <span class='ocrx_word' id='word_1_375' title='bbox 1682 2848 1827 2885; x_wconf 92' lang='lat' dir='ltr'>porque</span> <span class='ocrx_word' id='word_1_376' title='bbox 1845 2835 1896 2872; x_wconf 93' lang='lat' dir='ltr'>de</span> 
     </span>
     <span class='ocr_line' id='line_1_37' title="bbox 262 2895 1896 2947; baseline -0.002 -13"><span class='ocrx_word' id='word_1_377' title='bbox 262 2898 362 2934; x_wconf 85' lang='lat' dir='ltr'>cada</span> <span class='ocrx_word' id='word_1_378' title='bbox 379 2909 455 2933; x_wconf 89' lang='lat' dir='ltr'>una</span> <span class='ocrx_word' id='word_1_379' title='bbox 472 2898 603 2934; x_wconf 86' lang='lat' dir='ltr'>destas</span> <span class='ocrx_word' id='word_1_380' title='bbox 625 2899 803 2934; x_wconf 87' lang='lat' dir='ltr'>nationes</span> <span class='ocrx_word' id='word_1_381' title='bbox 827 2899 1083 2935; x_wconf 86' lang='lat' dir='ltr'>entendemos</span> <span class='ocrx_word' id='word_1_382' title='bbox 1107 2900 1262 2935; x_wconf 68' lang='lat' dir='ltr'>bastara</span> <span class='ocrx_word' id='word_1_383' title='bbox 1285 2912 1361 2947; x_wconf 93' lang='lat' dir='ltr'>que</span> <span class='ocrx_word' id='word_1_384' title='bbox 1386 2911 1468 2935; x_wconf 90' lang='lat' dir='ltr'><strong>sea.</strong></span> <span class='ocrx_word' id='word_1_385' title='bbox 1494 2900 1555 2934; x_wconf 86' lang='lat' dir='ltr'>De</span> <span class='ocrx_word' id='word_1_386' title='bbox 1580 2899 1617 2933; x_wconf 93' lang='lat' dir='ltr'>lo</span> <span class='ocrx_word' id='word_1_387' title='bbox 1641 2908 1718 2944; x_wconf 92' lang='lat' dir='ltr'>que</span> <span class='ocrx_word' id='word_1_388' title='bbox 1735 2907 1805 2943; x_wconf 91' lang='lat' dir='ltr'>por</span> <span class='ocrx_word' id='word_1_389' title='bbox 1822 2895 1896 2931; x_wconf 70' lang='lat' dir='ltr'>alla</span> 
     </span>
     <span class='ocr_line' id='line_1_38' title="bbox 267 2953 1898 3006; baseline -0.001 -14"><span class='ocrx_word' id='word_1_390' title='bbox 267 2959 376 2993; x_wconf 89' lang='lat' dir='ltr'>uiese</span> <span class='ocrx_word' id='word_1_391' title='bbox 395 2957 443 2993; x_wconf 89' lang='lat' dir='ltr'>V.</span> <span class='ocrx_word' id='word_1_392' title='bbox 460 2957 508 2993; x_wconf 88' lang='lat' dir='ltr'>R.</span> <span class='ocrx_word' id='word_1_393' title='bbox 528 2957 644 3004; x_wconf 68' lang='lat' dir='ltr'>podra</span> <span class='ocrx_word' id='word_1_394' title='bbox 661 2958 730 2993; x_wconf 91' lang='lat' dir='ltr'>dar</span> <span class='ocrx_word' id='word_1_395' title='bbox 746 2957 872 2994; x_wconf 90' lang='lat' dir='ltr'><strong>auiso.</strong></span> <span class='ocrx_word' id='word_1_396' title='bbox 903 2959 948 2994; x_wconf 91' lang='lat' dir='ltr'>El</span> <span class='ocrx_word' id='word_1_397' title='bbox 973 2959 1018 2994; x_wconf 88' lang='lat' dir='ltr'>P.</span> <span class='ocrx_word' id='word_1_398' title='bbox 1045 2959 1209 2994; x_wconf 88' lang='lat' dir='ltr'>Vsmaro</span> <span class='ocrx_word' id='word_1_399' title='bbox 1236 2970 1279 2994; x_wconf 87' lang='lat' dir='ltr'>se</span> <span class='ocrx_word' id='word_1_400' title='bbox 1301 2958 1419 3006; x_wconf 88' lang='lat' dir='ltr'>juzga</span> <span class='ocrx_word' id='word_1_401' title='bbox 1437 2959 1538 2993; x_wconf 85' lang='lat' dir='ltr'>seria</span> <span class='ocrx_word' id='word_1_402' title='bbox 1562 2958 1597 2992; x_wconf 89' lang='lat' dir='ltr'>al</span> <span class='ocrx_word' id='word_1_403' title='bbox 1624 2955 1836 3003; x_wconf 66' lang='grc' dir='ltr'>ρῐορόεὴο,</span> <span class='ocrx_word' id='word_1_404' title='bbox 1861 2953 1898 2991; x_wconf 85' lang='lat' dir='ltr'>si</span> 
     </span>
     <span class='ocr_line' id='line_1_39' title="bbox 260 3014 1680 3065; baseline -0.001 -13"><span class='ocrx_word' id='word_1_405' title='bbox 260 3018 340 3052; x_wconf 74' lang='lat' dir='ltr'>alla</span> <span class='ocrx_word' id='word_1_406' title='bbox 357 3028 407 3052; x_wconf 92' lang='lat' dir='ltr'>no</span> <span class='ocrx_word' id='word_1_407' title='bbox 424 3016 570 3052; x_wconf 88' lang='lat' dir='ltr'>hiziese</span> <span class='ocrx_word' id='word_1_408' title='bbox 589 3018 726 3052; x_wconf 90' lang='lat' dir='ltr'>mucha</span> <span class='ocrx_word' id='word_1_409' title='bbox 743 3016 882 3053; x_wconf 71' lang='lat' dir='ltr'><strong>salta.»</strong></span> <span class='ocrx_word' id='word_1_410' title='bbox 901 3018 959 3053; x_wconf 84' lang='lat' dir='ltr'>Ex</span> <span class='ocrx_word' id='word_1_411' title='bbox 976 3018 1188 3065; x_wconf 89' lang='lat' dir='ltr'>archetypo</span> <span class='ocrx_word' id='word_1_412' title='bbox 1206 3017 1247 3054; x_wconf 87' lang='lat' dir='ltr'>in</span> <span class='ocrx_word' id='word_1_413' title='bbox 1267 3017 1362 3054; x_wconf 86' lang='lat' dir='ltr'><strong>Cod.</strong></span> <span class='ocrx_word' id='word_1_414' title='bbox 1382 3017 1506 3058; x_wconf 88' lang='lat' dir='ltr'>PLB,</span> <span class='ocrx_word' id='word_1_415' title='bbox 1527 3025 1573 3062; x_wconf 89' lang='lat'>92</span> <span class='ocrx_word' id='word_1_416' title='bbox 1590 3014 1680 3059; x_wconf 86' lang='lat'><strong>(38).</strong></span> 
     </span>
    </p>

    <p class='ocr_par' dir='ltr' id='par_1_11' title="bbox 339 3066 1194 3124">
     <span class='ocr_line' id='line_1_40' title="bbox 339 3066 1194 3124; baseline 0.004 -13"><span class='ocrx_word' id='word_1_417' title='bbox 339 3076 353 3096; x_wconf 80' lang='lat'>³</span> <span class='ocrx_word' id='word_1_418' title='bbox 402 3066 503 3112; x_wconf 71' lang='lat' dir='ltr'>Vide</span> <span class='ocrx_word' id='word_1_419' title='bbox 521 3075 704 3123; x_wconf 89' lang='lat' dir='ltr'>epistolas</span> <span class='ocrx_word' id='word_1_420' title='bbox 720 3075 804 3124; x_wconf 89' lang='lat'>231,</span> <span class='ocrx_word' id='word_1_421' title='bbox 823 3089 861 3113; x_wconf 90' lang='lat' dir='ltr'>n.</span> <span class='ocrx_word' id='word_1_422' title='bbox 882 3075 918 3122; x_wconf 91' lang='lat'>3;</span> <span class='ocrx_word' id='word_1_423' title='bbox 938 3081 979 3112; x_wconf 86' lang='lat' dir='ltr'>et</span> <span class='ocrx_word' id='word_1_424' title='bbox 997 3075 1081 3122; x_wconf 86' lang='lat'><strong>235,</strong></span> <span class='ocrx_word' id='word_1_425' title='bbox 1099 3089 1139 3114; x_wconf 90' lang='lat' dir='ltr'>n.</span> <span class='ocrx_word' id='word_1_426' title='bbox 1158 3076 1194 3114; x_wconf 91' lang='lat'>8.</span> 
     </span>
    </p>
   </div>
  </div>
 </body>
</html>
