2196 3522
865 266 911 304 27
937 257 1203 294 SEPTRMBms
1231 258 1324 304 1564
1837 268 1907 306 517

267 379 438 425 nostro,
463 371 650 418 hauerei
671 374 808 416 charo
830 373 877 415 d'
905 385 1056 417 essere
1084 371 1115 414 il
1142 372 1286 428 primo
1314 373 1400 416 che
1421 387 1479 416 ne
1507 372 1670 428 vcisse,
1694 373 1905 418 massime

264 450 495 507 leggendo
514 449 558 493 io
580 464 670 506 qua
690 465 781 493 vna
796 449 985 509 lettione
1005 463 1143 492 senza
1158 448 1453 506 obligatione,
1473 449 1516 492 la
1533 450 1640 506 qual
1655 452 1804 494 anche
1819 465 1903 508 po—

268 527 427 572 trebbe
448 527 637 584 leggere
658 527 689 570 il
711 529 765 571 P.
784 525 1096 571 Maximiliano
1123 527 1133 547 ¹
1157 527 1243 570 che
1265 527 1309 570 fa
1325 527 1356 569 1’
1377 526 1528 570 ufficio
1545 526 1592 570 di
1614 534 1801 582 rettore,
1821 543 1904 572 an-

264 605 462 647 chorche
480 619 569 647 non
592 604 658 647 sia
677 604 895 661 palesato,
921 602 1131 647 massime
1158 604 1371 647 hauendo
1399 603 1442 646 io
1473 604 1584 648 letto
1613 605 1797 660 quando
1819 607 1903 650 ha-

265 695 385 725 ueuo
406 687 534 737 parte
555 681 629 725 del
650 695 734 725 suo
756 680 921 734 carico,
941 687 987 725 et
1008 679 1163 723 auanti
1185 679 1230 723 di
1253 695 1326 725 me
1342 680 1374 722 il
1392 682 1445 723 P.
1468 681 1723 736 Barchelio,
1743 689 1790 725 et
1807 683 1902 726 cosi

263 757 416 802 niente
439 758 704 805 necessaria,
729 760 755 802 e
791 757 868 814 qui
890 759 934 801 la
962 757 1052 800 mia
1072 756 1316 813 presentia.
1348 757 1609 802 Parimente
1641 765 1761 802 tutto
1795 761 1902 816 quel

263 836 337 878 ch’
363 835 407 878 io
432 836 478 879 fo
501 842 548 880 et
574 849 708 892 posso
738 837 805 878 far
832 849 938 890 qua,
964 834 1140 878 alti-oue
1162 835 1307 877 anche
1329 848 1416 877 con
1437 834 1479 877 la
1501 834 1649 891 gratia
1670 834 1716 877 di
1744 835 1833 879 Dio
1857 837 1901 880 lo

261 927 401 968 posso
424 912 467 956 io
491 913 586 957 fare
606 926 694 956 con
720 911 929 969 maggior
957 910 1117 954 liberta
1146 911 1251 964 mia,
1283 925 1413 955 come
1443 925 1593 967 spero,
1624 918 1670 954 et
1701 921 1899 957 conten*

262 995 402 1032 tezza.
430 990 494 1032 La
515 990 648 1046 onde‚
673 1003 723 1032 se
745 1004 829 1046 pur
849 995 1011 1044 questo
1032 987 1094 1030 mi
1116 985 1173 1046 [ἑ]
1195 987 1329 1031 lecito
1350 987 1396 1030 di
1419 988 1529 1040 fare,
1556 989 1738 1046 (perche
1771 990 1895 1033 altri-

259 1073 413 1111 mente
433 1065 586 1123 voglio
607 1080 758 1111 essere
779 1065 952 1109 irritata
978 1073 1024 1109 et
1045 1065 1278 1109 annullata
1303 1065 1347 1108 la
1374 1064 1463 1108 mia
1490 1065 1710 1122 petitione
1738 1074 1784 1111 et
1806 1068 1894 1112 let-

260 1143 369 1199 tera)
391 1157 534 1200 prego
557 1157 581 1185 a
605 1144 663 1187 V.
685 1144 738 1186 R.
763 1141 919 1199 voglia
941 1157 1021 1198 per
1041 1155 1115 1185 me
1133 1141 1414 1186 intercedere
1435 1156 1620 1198 apresso
1648 1143 1722 1187 del
1747 1144 1895 1189 Padre

258 1226 412 1263 nostro
433 1221 518 1265 che
539 1235 613 1264 me
634 1219 802 1272 mandi,
829 1234 856 1262 o
877 1233 936 1262 en
957 1220 993 1263 F
996 1233 1147 1271 ranza,
1169 1218 1259 1262 oin
1276 1218 1576 1275 qualsivoglia
1592 1220 1706 1263 altro
1724 1220 1894 1264 luocho

257 1295 360 1340 fuor
381 1295 427 1340 di
448 1303 610 1353 questa
630 1296 882 1353 prouincia,
907 1311 956 1340 se
979 1311 1062 1353 pur
1084 1296 1288 1338 ritruoua
1308 1297 1394 1340 che
1415 1303 1578 1351 questo
1601 1296 1668 1338 far
1697 1296 1735 1340 si
1759 1311 1893 1354 possa

255 1387 342 1416 con
363 1372 515 1430 iguale
537 1373 682 1431 gloria
702 1373 747 1417 di
769 1373 874 1430 Dio,
899 1382 944 1418 et
966 1374 1108 1416 frutto
1131 1372 1221 1416 mio
1248 1372 1497 1429 spirituale.
1531 1374 1634 1416 Non
1664 1374 1778 1418 altro
1812 1389 1891 1431 per

252 1450 430 1503 adesso,
455 1465 598 1494 senon
619 1452 706 1496 che
726 1465 869 1508 prego
890 1464 963 1494 me
979 1450 1132 1508 voglia
1148 1453 1317 1493 hauere
1334 1451 1392 1494 V.
1419 1451 1473 1493 R.
1495 1450 1562 1493 fra
1584 1450 1723 1506 quelli
1740 1453 1813 1494 ch'
1833 1453 1892 1496 ha

239 1523 360 1572 'nelli
380 1527 480 1572 suoi
502 1527 710 1572 sacrificii
731 1535 777 1572 et
798 1527 990 1572 orationi
1013 1526 1411 1571 raccommandati.
1432 1525 1491 1570 Di
1514 1527 1713 1584 Tornay,
1739 1528 1815 1571 alli
1834 1530 1891 1572 26

251 1603 450 1662 diJunio
479 1606 605 1660 1564.
631 1607 690 1649 D.
717 1606 774 1649 V.
802 1606 855 1649 R.
883 1604 930 1648 in
951 1606 1038 1649 X.⁰
1061 1619 1196 1648 seruo
1218 1604 1434 1661 indegno,

922 1737 926 1741 Δ
1094 1683 1302 1739 Ηειψεε
1325 1681 1648 1726 WINGHENIO.

338 1759 379 1801 A
406 1762 550 1816 tergo:
578 1759 608 1817 †
638 1760 698 1804 Al
729 1760 869 1803 molto
900 1761 1025 1804 Rd0.-
1050 1759 1097 1802 in
1129 1758 1314 1802 Christo
1342 1759 1491 1804 Padre
1523 1758 1553 1801 il
1593 1761 1646 1802 P.
1690 1761 1889 1803 Maestro

249 1834 529 1892 Hieronymo
565 1837 744 1889 Natale‚
784 1837 1092 1880 commissario
1121 1836 1335 1893 generale
1376 1836 1494 1880 della
1524 1836 1810 1899 Compagnia
1841 1836 1887 1879 di

242 1913 371 1969 Jesu,
396 1911 442 1955 in
466 1915 625 1957 Roma.
651 1914 812 1972 Sigilli
831 1915 1092 1971 vestigium.

1009 2055 1130 2095 :us

832 2155 1072 2202 JOANNES
1099 2143 1304 2191 SEYDEL

507 2234 753 2277 PATRI
800 2234 1296 2278 HIERONYMO
1344 2235 1624 2278 NADAL

696 2331 898 2368 VIENNAE,
926 2331 970 2367 27
996 2330 1256 2358 SEPTEMBms
1286 2322 1376 2367 1564
1401 2324 1430 2357 ³.

247 2407 286 2433 Ι.
311 2398 436 2434 Suam
454 2401 509 2436 ad
525 2404 721 2437 montana
745 2401 992 2448 Hungariae
1017 2400 1307 2447 expeditionem
1324 2402 1512 2435 enarrat.
1527 2409 1608 2435 —2.
1640 2400 1883 2451 Episcopum

316 2469 407 2493 eum
421 2459 614 2496 haeretici
624 2472 761 2496 creare
774 2460 1036 2507 promittunt,
1054 2460 1091 2494 si
1106 2460 1161 2494 ad
1177 2470 1317 2495 eorum
1335 2462 1470 2494 castra
1487 2459 1700 2495 convolare
1724 2460 1883 2495 velit.—

319 2528 352 2564 3.
379 2519 506 2562 Sacra
529 2521 759 2556 ministeria
782 2532 872 2555 cum
888 2519 1037 2567 fructu
1060 2522 1315 2564 exercet.—4.
1344 2518 1447 2554 Cum
1470 2520 1668 2554 haeretico
1685 2520 1881 2566 disputat:

316 2577 477 2625 collegii
492 2580 772 2625 penuria.—5.
800 2579 927 2614 Suam
958 2579 1109 2626 agendi
1134 2579 1332 2613 rationem
1349 2577 1618 2614 excusat.—6.
1647 2577 1880 2613 Michaelem

318 2637 413 2684 Spes
436 2637 581 2674 Natali
597 2640 861 2674 commendat.

1043 2715 1066 2749 †

1016 2753 1105 2795 Ihs.

337 2852 375 2882 1.
444 2842 539 2883 Pax
559 2840 731 2884 Christi
753 2848 839 2885 etc.
867 2843 1067 2898 Tempus
1089 2854 1162 2883 me
1190 2840 1424 2892 admonet,
1457 2837 1713 2883 obedientia
1733 2836 1876 2889 iubet,

241 2915 423 2960 occasio
438 2917 621 2974 demum
644 2919 822 2971 suadet,
848 2917 957 2962 R.de
977 2918 1221 2961 admodum
1242 2915 1289 2959 in
1311 2915 1494 2960 Christo
1518 2917 1668 2967 Pater,
1695 2922 1744 2957 ut
1766 2929 1882 2971 pau-

313 3024 325 3046 ¹
375 3022 662 3059 Maximilianus
680 3035 703 3059 a
719 3023 894 3071 Capella.
913 3023 1015 3059 Vide
1032 3022 1216 3070 append„
1230 3022 1262 3057 Ι.

309 3085 323 3104 ³
374 3083 432 3118 Ex
450 3083 703 3130 autographo,
725 3083 765 3119 in
785 3082 881 3119 Cod.
900 3093 952 3129 29
968 3083 1029 3130 d),
1048 3082 1194 3130 duplici
1211 3081 1297 3128 fol„
1314 3091 1352 3127 4,
1372 3090 1393 3127 5
1409 3080 1510 3126 (268,
1530 3080 1627 3126 269).
