2196 3522
261 280 333 317 490
823 267 948 302 EP1s’r
957 290 966 302 .
998 265 1043 301 P.
1071 265 1340 313 Naxon—345

261 369 323 414 mi
359 367 703 426 peregrinacion
730 381 788 411 en
817 366 1012 411 Flandes
1034 381 1064 422 y
1091 366 1330 411 Alemania
1360 369 1492 412 hasta
1519 381 1608 423 que
1637 368 1824 424 allegue
1839 382 1899 412 en

261 448 479 503 Augusta
500 445 542 489 al
569 443 632 489 1.⁰
655 444 712 488 de
735 444 942 488 Octubre
963 444 1020 487 de
1048 429 1175 498 1565,
1209 443 1267 488 de
1287 444 1437 489 donde
1458 444 1604 489 embie
1628 449 1654 488 a
1676 444 1895 488 Ximenez

264 538 372 581 para
393 538 482 579 que
502 536 640 579 oyese
667 520 709 565 el
735 535 869 564 curso
892 521 949 564 de
979 527 1099 565 artes
1120 535 1178 564 en
1202 522 1360 564 Roma.
1386 522 1454 565 Lo
1477 535 1566 577 que
1591 522 1793 578 despues-
1815 525 1895 565 303

262 615 311 644 se
332 601 497 655 offrece
519 598 614 642 dire
650 611 707 642 en
737 604 834 642 esta
865 600 1013 654 segt'm
1045 597 1086 642 el
1114 598 1254 642 orden
1282 598 1356 640 del
1377 597 1546 654 tiempo
1574 612 1603 653 y
1630 598 1814 655 lugares
1835 613 1893 643 en

263 691 354 733 que
373 677 432 720 he
448 676 621 727 estado,
647 674 955 730 comencando
976 674 1033 717 de
1055 674 1285 730 Augusta,
1306 688 1395 730 que
1417 689 1467 719 es
1488 673 1653 717 ciudad
1672 674 1891 731 imperial,

256 768 290 811 y
311 754 368 797 de
389 754 455 797 135
477 751 746 809 principales
762 751 824 795 de¹
837 750 1089 803 Alemania,
1109 765 1139 806 y
1161 765 1243 807 por
1256 758 1466 795 nuestros
1482 752 1677 807 pecados
1698 751 1790 795 casi
1812 753 1894 797 he-

263 845 390 888 rege,
411 830 518 874 bien
534 843 627 884 que⁴
639 843 720 885 por
742 829 784 872 la
804 827 960 871 diuina
975 826 1128 884 gracia
1144 843 1202 871 θη
1218 828 1261 871 13
1282 827 1442 885 iglesia
1460 843 1616 885 mayor
1633 842 1691 884 ay
1711 828 1898 872 canoni-

262 922 367 966 gos,
393 923 422 963 y
443 921 499 950 en
523 906 716 963 algunos
739 903 1037 949 monesterios
1060 919 1114 960 ay
1138 904 1390 962 religiosos,
1416 920 1444 961 y
1466 912 1588 948 otros
1610 905 1800 948 muchos
1823 918 1897 948 re*-

263 984 450 1042 ligiosos
472 981 734 1035 chat61icos‚
759 997 816 1025 en
839 980 1033 1036 especial
1053 982 1124 1024 105
1146 982 1344 1026 Fucares
1365 983 1374 1003 ¹
1401 996 1429 1037 y
1448 982 1657 1025 Belzares
1677 981 1692 1002 ²
1712 995 1901 1036 que-son

263 1062 333 1105 los
355 1060 622 1117 principales
644 1074 701 1103 en
724 1059 825 1102 ella.
853 1059 974 1113 Aqui
997 1058 1176 1114 preside
1197 1059 1239 1102 el
1263 1061 1315 1102 P.
1343 1060 1404 1102 Μ.
1431 1058 1630 1111 Canisio,
1652 1057 1900 1114 prouincial

265 1140 324 1183 de
345 1137 598 1190 Alemania‚
624 1151 712 1193 que
733 1150 783 1179 es
810 1150 939 1178 como
968 1136 1132 1179 coluna
1159 1150 1186 1191 y
1215 1142 1425 1180 sustento
1453 1136 1509 1179 de
1539 1136 1606 1179 los
1634 1134 1896 1178 chatolicos:

264 1217 380 1260 haze
397 1214 570 1272 grande
588 1214 723 1266 fruto,
744 1212 972 1257 mediante
988 1212 1030 1255 el
1047 1212 1176 1255 fauor
1192 1211 1365 1267 diuino,
1380 1227 1465 1256 con
1479 1213 1546 1255 105
1562 1225 1901 1268 sermonesque

266 1291 647 1336 ordinariamente
674 1291 786 1334 haze
814 1304 871 1333 en
903 1290 946 1331 la
977 1288 1136 1345 iglesia
1170 1303 1326 1344 mayor
1355 1290 1412 1333 de
1442 1290 1673 1346 Augusta,
1704 1305 1734 1346 y
1766 1303 1815 1333 es
1842 1289 1901 1334 de

266 1384 384 1427 gran
404 1367 643 1412 autoridad
663 1381 721 1410 en
744 1367 850 1410 toda
872 1365 1126 1419 Alemafiia,
1158 1382 1187 1422 y
1214 1381 1271 1410 en
1294 1381 1409 1423 gran
1431 1381 1614 1411 manera
1635 1366 1905 1410 aborrecido·

267 1447 326 1490 de
362 1446 561 1502 herejes3
592 1445 650 1489 de
677 1459 862 1488 manera
890 1458 980 1498 que
1007 1458 1121 1487 vnos
1148 1445 1189 1487 le
1226 1444 1391 1487 llaman
1419 1443 1646 1486 hominem
1675 1444 1902 1486 detestan—

268 1524 380 1567 dum
408 1523 643 1575 caninum,
671 1528 796 1564 otros
825 1535 982 1563 canem
1012 1525 1052 1563 et
1073 1522 1243 1574 nisum,
1272 1535 1443 1577 porque
1465 1521 1530 1564 les
1559 1535 1667 1576 0303
1694 1521 1736 1564 13
1764 1527 1904 1577 gente

268 1615 358 1658 que
381 1601 539 1643 trahen
562 1599 815 1655 engafiada,
842 1605 964 1641 otros
986 1598 1307 1654 patriarcham
1335 1598 1692 1654 hypocritarum.
1725 1597 1903 1642 Vienen

268 1682 297 1721 a
322 1677 448 1734 oyrle
483 1677 629 1720 dende
666 1675 928 1727 Ra'tisbona,
954 1675 1104 1719 donde
1141 1675 1315 1718 residen
1349 1675 1431 1718 dos
1469 1676 1664 1731 grandes
1703 1674 1901 1719 bellacos

268 1753 563 1799 heresiareas:
589 1753 630 1796 el
658 1767 748 1796 vno
777 1766 825 1796 se
854 1751 954 1796 dize
991 1753 1188 1795 Thomas
1210 1751 1359 1795 Illirici
1388 1753 1402 1774 ³
1433 1767 1462 1808 y
1489 1753 1532 1795 el
1559 1759 1658 1795 otro
1684 1752 1845 1796 Gallus
1868 1752 1900 1795 ⁴.

271 1832 483 1875 Hazense
505 1844 585 1886 por
606 1830 673 1872 105
695 1837 904 1873 nuestros
925 1830 1114 1872 muchas
1142 1830 1316 1873 buenas
1344 1830 1494 1873 obras:
1526 1833 1693 1885 oyense
1723 1829 1905 1874 confes-

271 1908 439 1952 siones:
463 1909 660 1951 hazense
682 1905 1009 1962 processiones:
1035 1906 1299 1962 publicanse
1309 1907 1376 1949 las
1393 1905 1707 1963 indulgencias
1721 1905 1904 1962 quando

270 2000 434 2030 ocurre
456 1998 545 2040 que
567 1998 616 2028 se
637 1983 868 2027 eonceden
889 1997 970 2039 por
991 1983 1057 2027 Su
1086 1983 1320 2028 Santidad.
1354 1983 1686 2028 Conuiertense
1714 1983 1771 2028 de
1793 1983 1908 2026 cada

269 2063 347 2106 dia
367 2062 556 2104 muchos
578 2060 769 2115 herejes.
802 2059 959 2103 Gloria
990 2073 1066 2102 sea
1094 2060 1135 2102 al
1164 2060 1310 2103 Sefior
1337 2074 1418 2116 por
1446 2061 1571 2113 todo,
1603 2075 1633 2116 y
1654 2059 1910 2103 assimismo-

269 2153 320 2183 se
341 2140 488 2182 hazen
509 2138 698 2180 muchas
721 2150 853 2180 vezes
875 2137 1026 2179 buena
1047 2137 1156 2179 obra
1178 2152 1235 2180 en
1257 2150 1384 2180 sacar
1401 2137 1635 2181 demonios
1653 2137 1710 2179 de
1726 2136 1904 2192 herejes

271 2245 357 2292 ipse
376 2243 569 2290 Jimenez,
589 2254 638 2278 ex
652 2241 802 2278 Natalis
820 2241 1108 2286 commissione,
1128 2242 1301 2278 Lovanio
1319 2241 1341 2277 3
1365 2243 1461 2289 Julii
1488 2243 1577 2287 1562
1602 2242 1771 2290 scripsit,
1790 2253 1906 2290 quam

272 2304 395 2340 habes
414 2303 454 2338 in
471 2302 602 2349 Epist.
622 2301 777 2342 Natal„
798 2301 829 2347 1,
847 2310 918 2345 722
937 2306 977 2336 et
994 2313 1103 2348 seqq.

347 2364 358 2385 ¹
411 2361 489 2405 Sic,
509 2371 576 2407 pro
594 2360 818 2409 Fugger08‚
838 2371 896 2395 50.
921 2361 1187 2406 Fuggerorum
1211 2360 1355 2396 familia
1377 2362 1564 2408 (Fugger)
1588 2361 1776 2398 Societati
1793 2360 1907 2397 addi-2

270 2421 462 2459 votissima.

346 2484 361 2503 ²
412 2480 491 2524 Sic,
516 2491 584 2526 pro
616 2479 804 2518 Velseros,
831 2478 869 2513 id
894 2484 954 2514 est
973 2479 1177 2514 Velserum
1201 2479 1360 2525 familia,
1385 2480 1433 2516 de
1457 2492 1533 2528 qua
1555 2481 1607 2516 cf.
1632 2482 1904 2517 BRAUNSBER-

272 2549 374 2586 GER,
400 2541 473 2575 100.
499 2538 583 2584 cit.,
608 2537 680 2582 ΙΙΙ,
703 2536 764 2583 38,
784 2543 823 2572 et
847 2537 953 2573 alibi.
980 2539 1087 2573 lnter
1109 2539 1183 2574 alia
1208 2540 1304 2575 haec
1321 2541 1442 2575 habes
1462 2541 1501 2575 in
1524 2541 1597 2576 loe.
1628 2540 1696 2576 cit.
1728 2539 1911 2575 «Marcus-

274 2601 464 2636 Velserus
493 2599 691 2643 (Welser)
726 2597 917 2644 «senior»,
947 2598 1132 2644 patricius
1156 2604 1411 2646 augustanus,
1441 2605 1482 2635 et
1510 2599 1643 2636 Simon
1673 2598 1913 2635 Thaddaeus.

276 2659 436 2701 Eckius,
457 2657 611 2694 Alberti
628 2657 665 2692 V
681 2668 886 2703 supremus
911 2657 1179 2702 cancellarius,
1204 2669 1240 2693 a.
1268 2659 1358 2704 1560
1385 2671 1407 2694 a
1433 2658 1567 2695 Lainio
1585 2660 1774 2696 bonorum
1792 2658 1905 2706 spiri-

275 2717 441 2753 tualium
454 2716 664 2752 Societatis
683 2716 779 2762 Jesu
796 2715 1005 2762 participes
1021 2715 1153 2752 effecti
1170 2722 1317 2752 erant.»

350 2777 365 2798 ³
414 2775 516 2811 Vide
530 2775 650 2822 epist.
670 2783 752 2820 227,
767 2785 810 2810 n.
830 2774 865 2809 8.
882 2774 969 2810 Νοη
983 2775 1165 2818 Thomas,
1181 2776 1250 2811 sed
1264 2776 1428 2813 Mathias
1442 2779 1722 2824 appellabatur,
1738 2777 1906 2825 Flacius,

276 2836 434 2871 Albone
451 2834 492 2870 in
505 2834 639 2881 Illyria
655 2839 778 2880 ortus,
793 2833 895 2868 unde
914 2834 1054 2881 illyrici
1071 2840 1373 2880 cognomentum
1388 2837 1551 2883 accepit.

351 2897 366 2916 ⁴
415 2894 600 2930 Nicolaus
619 2893 770 2938 Gallus,
789 2892 1003 2939 discipulus
1022 2893 1198 2940 Lutheri‚
1217 2894 1340 2930 Cotae
1358 2895 1398 2930 in
1424 2895 1592 2932 Saxonia
1614 2908 1715 2937 anno
1737 2896 1826 2941 1516
1844 2908 1909 2932 na-

278 2959 357 2989 tus.
373 2953 500 3000 Hujus
520 2958 560 2989 et
575 2952 738 2988 aliorum
757 2952 1054 2999 protestantium
1071 2953 1206 2989 laudes
1224 2960 1482 3001 prosequutus
1501 2961 1562 2991 est
1578 2955 1796 2991 haereticus
1813 2955 1907 2991 Mel·

273 3013 386 3049 chior
405 3012 578 3048 Adamus
592 3012 632 3047 in
646 3023 763 3059 opere
776 3022 846 3047 suo
869 3013 980 3048 Vitae
994 3013 1281 3060 theologorum,
1289 3013 1675 3059 jureconsultorum,
1691 3020 1765 3051 etc.
1786 3013 1905 3051 editio

275 3071 408 3117 tertia,
428 3070 685 3117 Francofurti,
703 3078 875 3107 MDccvr.
