2196 3522
0 250 28 315 ζ
1013 261 1105 307 1553
1853 270 1877 306 7

0 347 5 358 Ἀ
231 366 507 421 quapropter
534 363 581 407 id
609 371 839 419 censeret,
854 365 1084 421 probaret
1114 366 1167 408 P.
1200 363 1421 421 Ignatius.
1455 363 1609 419 Redijt
1630 371 1734 421 post
1760 365 1880 415 duos

234 455 416 486 menses
442 440 490 484 in
527 440 727 486 Siciliam
755 456 860 485 cum
888 440 1308 486 constitutionibus.
1340 442 1608 485 Inchoatum
1631 441 1877 499 collegium

234 517 508 568 mutinense.
534 519 801 563 Inchoatum
823 518 1069 576 collegium
1092 517 1383 575 argentinum
1400 517 1448 561 in
1464 533 1577 575 agro
1600 517 1876 563 ferrariensi.

234 582 530 659 Fuliginense
551 596 796 653 collegium
814 596 1094 639 inchoatum.
1115 597 1244 639 Haec
1264 596 1358 639 duo
1379 595 1575 653 collegia
1590 610 1684 639 non
1699 596 1876 640 habue-

234 658 343 718 runt
362 687 644 727 successum;
678 675 766 717 hoc
797 673 919 718 enim
951 672 1038 716 fuit
1063 673 1362 726 destitutum,
1397 683 1539 728 15543,
1564 672 1692 726 illud,
1744 683 1874 727 1557.

235 751 416 795 Causae
451 750 652 794 breuiter
690 750 1002 808 attingendae.
1042 750 1123 793 32
1151 749 1409 807 Collegium
1438 750 1877 807 germanicum-Ro-

234 842 334 871 mae
356 828 493 871 habet
514 827 708 880 initium,
734 827 921 872 iubente
944 826 1060 870 Iulio
1087 829 1166 882 3.⁰,
1198 833 1286 871 etc.
1312 828 1364 870 In
1387 826 1623 871 Corsicam
1645 829 1735 871 hoc
1757 842 1881 871 anno

234 904 401 948 missus
423 912 492 949 est
517 907 568 948 P.
594 904 814 950 Siluester
842 918 947 948 cum
970 903 1110 948 socio.
1137 904 1254 948 Mira
1281 903 1482 948 efficacia
1503 911 1550 947 et
1572 904 1723 947 fructu
1746 919 1881 948 exer-

235 988 309 1026 cet
331 981 580 1027 ministeria
615 981 860 1027 Societatis
886 989 932 1026 et
959 981 1022 1024 ibi
1050 980 1258 1035 moritur,
1289 988 1377 1025 etc.
1403 981 1607 1038 Nauigat
1644 983 1706 1025 M.
1732 983 1768 1025 F
1771 997 1877 1026 ran-

237 1057 386 1102 ciscus
407 1059 465 1102 ad
501 1058 751 1103 Chinarum
789 1058 1040 1116 regionem,
1073 1073 1164 1115 quo
1195 1066 1439 1115 antequam
1473 1058 1806 1116 ingrederetur,
1831 1059 1877 1102 in

236 1135 441 1192 proxima
474 1135 622 1180 insula
649 1135 855 1190 moritur,
888 1151 940 1181 ac
983 1136 1296 1193 perseuerauit
1332 1135 1432 1180 eius
1468 1150 1633 1193 corpus
1670 1135 1878 1180 incorru—

236 1219 377 1270 ptum.
398 1213 503 1257 Alia
519 1221 752 1271 praeterea
768 1221 876 1258 sunt
892 1213 1030 1258 huius
1046 1213 1131 1257 viri
1147 1214 1378 1258 miracula.
1399 1215 1556 1270 Quum
1573 1213 1700 1257 illum
1716 1228 1853 1258 vocas
1869 1241 1878 1244 -

237 1297 308 1334 set
350 1292 404 1334 P.
456 1290 663 1348 Ignatius
690 1291 748 1335 ad
782 1290 981 1335 officium
1013 1291 1239 1348 generalis
1267 1290 1527 1348 praepositi,
1552 1298 1641 1334 etc.
1674 1291 1881 1335 Viennae

237 1367 285 1411 in
321 1364 527 1423 Austria,
567 1367 760 1412 moritur
804 1368 1023 1426 magister
1065 1368 1286 1413 Claudius
1312 1368 1480 1425 Iayius,
1516 1368 1607 1421 vir,
1648 1376 1734 1413 etc.
1779 1371 1877 1414 Ma-

237 1443 380 1502 gister
402 1445 616 1490 Canisius
637 1460 690 1490 ac
711 1445 930 1503 magister
958 1446 1212 1491 Gaudanus
1240 1446 1520 1503 Inglostadio
1547 1453 1816 1500 euocantur,
1847 1448 1854 1505 Ι

235 1520 391 1578 ibique
412 1529 458 1567 et
480 1523 753 1580 profitentur
778 1538 931 1568 sacras
959 1523 1129 1578 literas,
1153 1530 1199 1567 et
1221 1522 1551 1567 concionantur
1578 1538 1684 1567 curn
1707 1524 1878 1567 fructu.

236 1599 308 1645 Ne
325 1600 386 1644 P.
401 1599 674 1644 Franciscus
689 1600 931 1644 cardinalis
947 1607 1179 1646 crearetur
1195 1600 1374 1644 curauit
1391 1600 1487 1658 ipse
1508 1607 1555 1645 et
1579 1603 1631 1644 P.
1653 1600 1878 1658 Ignatius;

236 1676 323 1720 fuit
344 1676 465 1721 enim
488 1676 536 1721 in
557 1692 613 1723 eo
650 1677 926 1731 discrimine,
961 1677 1230 1734 designatus
1251 1677 1426 1722 scilicet
1452 1694 1480 1722 a
1507 1678 1674 1722 Carolo
1695 1677 1875 1734 quinto.

237 1754 459 1811 Magister
480 1755 664 1812 Laynez
685 1769 739 1799 ac
761 1756 999 1800 Salmeron
1027 1754 1235 1811 Venetijs
1262 1754 1610 1810 concionantur,
1636 1769 1689 1799 ac
1717 1763 1883 1799 curant

237 1838 286 1874 vt
301 1838 573 1876 venetorum
589 1831 846 1889 respublica
860 1832 1118 1876 consentiat
1134 1832 1181 1875 in
1197 1831 1411 1876 vnionem
1428 1831 1657 1889 prioratus
1673 1832 1880 1878 Sanctis-

237 1907 378 1952 simae
400 1908 637 1953 Trinitatis
652 1910 710 1953 ad
726 1909 969 1966 collegium
992 1909 1274 1966 patauinum.
1295 1910 1640 1954 Condemnatur
1656 1910 1884 1954 Iohannes

235 1985 294 2031 de
315 1987 518 2031 Mercato
539 1985 653 2030 miro
674 1985 842 2030 iudicio
858 1986 906 2030 in
922 2001 1141 2044 magnum
1158 1986 1401 2032 Societatis
1418 1987 1637 2031 fauorem.
1659 1986 1883 2044 Magister

237 2061 395 2108 Simon
416 2063 468 2106 fit
505 2062 796 2119 prouincialis
833 2063 1112 2120 Aragoniae,
1147 2064 1269 2120 quod
1301 2078 1470 2108 munus
1496 2078 1588 2107 non
1617 2064 1752 2122 gerit.
1780 2065 1875 2108 Ma·—

236 2139 379 2199 gister
401 2139 565 2194 Miron,
597 2140 888 2197 prouincialis
917 2141 1244 2198 Portugalliae.
1270 2141 1352 2185 33
1374 2143 1432 2186 D.
1460 2143 1642 2195 Torres,
1671 2141 1881 2185 visitator

234 2217 560 2274 Portugalliae.
588 2217 879 2262 Perturbatio
901 2218 948 2261 in
969 2217 1164 2275 collegio
1185 2218 1566 2275 conymbrycensi
1588 2217 1876 2275 grauissima:

234 2294 295 2338 ad
315 2295 373 2338 60
395 2309 422 2338 e
448 2295 615 2339 nostris
636 2296 708 2340 vel
730 2295 908 2352 expulsi
929 2303 1053 2349 sunt,
1078 2296 1152 2341 vel
1174 2295 1334 2340 iniussi
1351 2295 1578 2340 abierunt.
1610 2295 1616 2354 Ι

985 2420 1130 2467 [15]53

327 2526 462 2570 Redit
499 2530 552 2571 P.
593 2529 916 2573 Domenechus
953 2529 1168 2580 Romam,
1208 2542 1261 2571 ac
1298 2527 1554 2573 destinatur
1589 2526 1881 2583 prouincialis

237 2602 400 2647 tertius
420 2603 616 2658 Siciliae,
641 2611 834 2648 euocato
872 2606 1062 2649 Romam
1101 2606 1154 2648 P.
1196 2604 1365 2658 Natali,
1398 2619 1534 2662 quem
1567 2606 1618 2647 P.
1651 2603 1873 2661 Ignafius,

234 2686 439 2723 creatum
461 2680 820 2725 commissarium
838 2683 1098 2739 generalem
1122 2681 1168 2724 in
1191 2682 1346 2739 regnis
1370 2681 1634 2738 Hispaniae,
1660 2680 1738 2723 illo
1756 2679 1878 2724 misit

234 2859 314 2907 psit
331 2858 371 2895 in
388 2859 497 2895 Hist.
519 2860 621 2902 Soc„
641 2866 741 2908 part.
767 2862 800 2906 1,
818 2861 888 2898 lib.
910 2871 968 2907 lx,
993 2874 1033 2897 n.
1056 2871 1104 2897 1.:
1132 2862 1391 2910 «Quanquam
1416 2861 1521 2896 enim
1546 2871 1592 2895 ea
1615 2859 1664 2895 de
1678 2871 1721 2895 re
1736 2859 1807 2906 [sc.
1827 2858 1880 2894 de

231 2918 477 2966 professione
495 2919 771 2967 nuncupanda]
795 2920 1039 2968 Hieronymo
1063 2920 1195 2957 Natali
1219 2933 1344 2968 nuper
1368 2919 1515 2967 aliquid
1539 2918 1717 2966 Ignatius
1740 2918 1879 2954 innue-

232 2983 307 3024 rat,
339 2984 471 3015 tamen
506 2990 594 3014 cum
624 2990 734 3015 suam
763 2980 830 3016 ille
854 2981 1089 3016 tenuitatem
1114 2980 1292 3016 modeste
1317 2980 1484 3027 primum
1503 2983 1748 3023 excusasset,
1773 2977 1878 3025 quod

233 3038 384 3074 diceret
406 3037 572 3084 gradum
601 3037 711 3074 illum
738 3050 808 3074 sua
837 3039 983 3075 virtute
1014 3039 1257 3087 superiorem
1286 3051 1389 3084 esse,
1420 3039 1595 3086 satisque
1619 3037 1696 3074 sibi
1725 3036 1823 3082 fore,
1843 3036 1877 3070 si

231 3097 338 3134 inter
354 3097 558 3133 Professos
577 3096 694 3133 trium
712 3103 892 3134 votorum
910 3098 1269 3135 adscriberetur...»
