2196 3522
102 0 443 40 Wff'ffllisffifzw
463 0 770 33 εΜψ-’τωττπιῃ
786 0 881 33 aeq-(r,-
903 0 1194 17 ἰ’
1215 1 1218 3 Δ
1287 0 1289 2 v
1358 0 1361 2 ψ

950 261 999 289 22
1022 253 1136 300 Jmm
1163 251 1256 298 1563
1852 253 1933 291 313

290 361 603 408 controuerse,
625 354 940 413 appertenenti
961 355 1048 398 alla
1068 353 1382 400 iurisdictione
1402 355 1476 399 del
1491 369 1608 413 papa
1624 363 1670 400 et
1686 356 1805 400 della
1820 356 1925 399 uni-

292 433 506 479 uersalita
532 433 651 478 della
673 431 901 476 author-ita
921 446 1005 475 sua
1031 430 1079 475 in
1107 437 1226 475 tutta
1250 432 1291 475 la
1317 431 1486 485 chiesa,
1519 433 1716 476 tuttauia
1744 432 1782 477 si
1811 440 1924 477 trat—

290 516 413 564 tano3
438 518 484 555 et
506 510 788 567 pretendono
809 508 960 553 alcuni
978 509 1045 552 far
1064 502 1196 553 certo*
1209 509 1418 562 accordo,
1437 509 1561 565 quali
1578 524 1669 553 non
1686 510 1744 553 da
1759 516 1931 567 troppo

288 586 596 632 satisfactione
618 601 644 630 a
666 586 805 642 quelli
826 588 898 630 ch’
923 600 1085 636 amano
1100 585 1431 630 sinceramente
1447 586 1491 629 13
1514 586 1674 640 uerita3
1693 594 1740 630 et
1756 587 1787 629 11
1804 593 1926 632 tutto

288 664 397 721 pero
418 679 468 708 se
488 665 514 707 e
535 665 750 708 mandato
771 679 797 707 a
819 665 979 716 Roma,
1010 661 1135 707 accio
1154 661 1186 705 11
1206 677 1323 719 papa
1345 663 1463 706 ueda
1484 663 1590 719 quel
1612 665 1698 708 che
1720 666 1854 708 uorra
1875 680 1926 710 se

290 741 449 786 faccia.
475 741 564 785 Dio
586 743 644 786 N.
671 742 719 786 S.
747 755 799 784 ce
821 740 982 798 agiuti.

379 830 420 862 2.
487 818 653 874 Questi
675 817 823 875 giomi
846 818 894 861 fu
914 823 1129 874 proposto
1150 816 1268 859 nella
1284 816 1642 874 congregatione
1658 817 1764 862 delli
1780 818 1924 875 depu—

289 894 370 939 tati
391 910 472 952 per
492 895 524 938 li
545 894 647 938 libri
668 895 700 938 il
720 893 1027 939 cathechismo
1046 893 1122 938 del
1142 893 1468 936 archiuescouo
1488 894 1546 937 de
1568 895 1739 938 Toledo
1766 896 1795 947 ¹,
1819 903 1865 939 et
1885 896 1924 940 si

287 973 480 1029 aspetto,
496 987 524 1015 o
538 971 616 1028 piu
631 978 784 1028 presto
799 985 850 1015 se
866 969 1007 1027 piglio
1024 968 1263 1013 occasione
1277 971 1363 1014 che
1379 984 1471 1012 non
1487 984 1537 1014 se
1555 970 1751 1014 trouassi
1765 973 1823 1015 N.
1847 974 1899 1016 P.
1910 1006 1920 1026 ,

287 1050 347 1094 ne
369 1051 513 1093 anche
534 1048 566 1092 il
589 1051 642 1093 P.
668 1049 923 1100 Salmeron,
948 1047 1007 1090 ne
1027 1048 1172 1090 anche
1193 1045 1225 1089 il
1239 1060 1440 1092 vescouo
1457 1047 1516 1092 de
1529 1047 1708 1099 Lerida,
1729 1049 1787 1092 ne
1804 1049 1921 1103 altri,

289 1141 381 1171 non
411 1127 442 1169 l’
466 1125 716 1180 intimando
738 1126 780 1168 13
800 1123 1174 1182 congregatione,
1203 1123 1302 1168 ansi
1330 1124 1566 1168 sacendola
1595 1125 1723 1180 quasi
1750 1133 1925 1172 secreta

289 1204 357 1247 fra
377 1204 544 1259 cinque
564 1218 592 1247 o
613 1202 695 1255 sei;
719 1208 766 1246 et
787 1215 874 1245 con
895 1203 1062 1258 portar'
1082 1208 1150 1246 tre
1171 1215 1200 1245 o
1221 1207 1403 1257 quattro
1425 1201 1573 1258 polize
1588 1202 1646 1246 de
1668 1202 1819 1246 alcuni
1839 1205 1926 1248 che

287 1288 450 1324 stanno
473 1280 547 1325 nel
569 1278 760 1324 concilio
781 1281 867 1323 che
888 1279 1209 1335 approbauano
1225 1277 1256 1321 il
1271 1279 1398 1322 detto
1414 1278 1546 1333 libro,
1567 1279 1703 1336 quelli
1720 1280 1925 1337 deputati

286 1357 360 1402 chi
393 1357 439 1401 ui
470 1357 507 1400 si
541 1364 807 1409 trouauano,
842 1356 886 1399 lo
916 1355 1230 1412 approborono
1261 1370 1398 1400 senza
1427 1356 1627 1409 uederlo,
1660 1358 1921 1402 mostrando

285 1435 444 1479 creder
471 1434 545 1479 alli
581 1433 823 1478 testimonii
852 1432 1067 1490 predetti·,
1107 1439 1153 1477 et
1181 1433 1277 1476 cosi
1304 1433 1438 1489 passo
1466 1440 1628 1489 questa
1655 1448 1762 1478 cosa
1789 1449 1919 1480 come

286 1519 407 1557 sotto
428 1527 578 1556 mano.
605 1512 649 1555 A
671 1510 747 1554 noi
768 1510 912 1554 molto
931 1510 1049 1554 bene
1070 1508 1111 1553 ci
1134 1510 1264 1553 torno
1286 1511 1371 1554 che
1393 1524 1483 1554 non
1506 1524 1556 1554 se
1585 1517 1791 1556 trouasse
1813 1526 1918 1568 pre—

286 1596 416 1635 sente
438 1591 496 1633 N.
524 1591 597 1642 P.,
622 1589 680 1631 ne
702 1589 847 1632 anche
868 1586 899 1630 il
923 1588 973 1630 P.
998 1587 1251 1641 Salmeron,
1275 1587 1333 1630 ne
1360 1587 1592 1644 sapessino
1620 1601 1728 1632 cosa
1756 1589 1919 1633 alcuna

254 1704 259 1705 ⁷
285 1667 332 1710 di
355 1674 516 1723 questo
532 1666 663 1719 libro,
688 1666 854 1722 perche
876 1665 934 1708 ne
954 1665 999 1708 lo
1020 1663 1365 1717 archiuescouo,
1390 1665 1448 1708 ne
1468 1663 1608 1720 quelli
1629 1666 1746 1709 della
1766 1665 1918 1722 inqui—

286 1743 449 1788 sitione
472 1759 520 1788 se
542 1750 764 1800 potranno
785 1742 910 1787 doler
930 1741 976 1784 di
1005 1740 1098 1796 noi,
1122 1756 1196 1784 ma
1223 1741 1267 1784 13
1294 1755 1401 1785 0053
1427 1742 1454 1785 ὲ
1482 1748 1662 1798 passata
1691 1756 1776 1786 con
1805 1757 1918 1799 poca

286 1820 571 1878 reputatione
586 1820 660 1864 del
677 1818 1019 1871 archiuescouo,
1039 1824 1085 1863 et
1101 1832 1188 1862 con
1204 1832 1318 1874 poca
1334 1817 1497 1873 utilita;
1517 1818 1596 1875 piu
1613 1827 1765 1876 presto
1782 1820 1920 1865 credo

285 1899 316 1942 li
337 1901 516 1942 nocera.
764 1883 769 1889 ⁵

376 1990 417 2032 3.
482 1977 553 2020 De
574 1976 761 2032 Spagna
781 1987 875 2017 non
896 1972 1106 2017 habiamo
1122 1973 1283 2017 lettera
1298 1972 1460 2016 alcuna
1475 1973 1547 2016 del
1565 1974 1648 2017 D.r
1672 1974 1839 2026 Araoz,
1859 1975 1922 2018 ne

286 2053 375 2097 mai
397 2051 526 2109 quasi
552 2067 602 2097 se
629 2052 655 2094 e
683 2057 843 2108 potuto
869 2051 1012 2094 hauer
1041 2064 1068 2093 a
1097 2056 1248 2105 tempo
1275 2056 1478 2105 resposta
1505 2051 1668 2094 alcuna
1694 2051 1752 2095 de
1779 2051 1923 2095 molte-

286 2144 393 2175 cose
413 2129 687 2186 importante
708 2129 793 2171 che
815 2142 864 2172 se
885 2126 916 2170 li
938 2140 1075 2171 erano
1097 2125 1265 2169 scritte.
1284 2125 1511 2169 Hauiamo
1528 2141 1615 2183 pur
1632 2135 1814 2172 receute
1830 2128 1917 2172 let—

286 2213 382 2252 tere
404 2207 462 2252 de
483 2205 663 2251 diuerse
684 2205 833 2248 bande
854 2204 911 2247 de
933 2204 1135 2260 Spagna,
1157 2203 1295 2245 immo
1315 2202 1372 2246 de
1394 2209 1513 2248 tutte
1533 2203 1575 2247 le
1596 2203 1846 2260 prouincie,
1869 2211 1916 2248 et

0 2292 13 2320 ἒ
286 2298 372 2341 pur
391 2284 436 2328 le
457 2282 616 2327 ultime
637 2296 721 2326 sue
742 2295 854 2325 sono
871 2279 918 2323 (11
947 2293 998 2324 10
1018 2279 1064 2322 di
1085 2280 1122 2324 F
1124 2279 1301 2332 ebrato,
1324 2280 1444 2323 doue
1465 2281 1610 2324 anche
1627 2295 1718 2324 non
1735 2282 1788 2325 ce
1809 2295 1916 2325 cosa

285 2360 414 2417 quasi
436 2362 519 2404 che
541 2358 736 2416 importi.
763 2360 941 2415 Questo
957 2356 1058 2401 dico
1079 2357 1245 2413 perche
1266 2357 1323 2400 V.
1350 2358 1425 2410 R„
1445 2357 1541 2402 seli
1558 2357 1722 2411 scriue,
1742 2359 1815 2403 del
1830 2373 1915 2402 suo

285 2444 419 2481 canto
438 2438 484 2481 lo
504 2436 650 2482 exorti
671 2437 728 2480 ad
750 2450 855 2479 usar
875 2433 1017 2478 maior
1038 2432 1289 2490 diligentia,
1314 2434 1433 2478 della
1450 2434 1583 2490 quale
1598 2449 1648 2479 se
1668 2434 1773 2478 lida
1794 2436 1915 2479 bono

284 2513 484 2571 esempio
505 2529 611 2570 qua,
635 2512 907 2557 scriuendoli
935 2525 1107 2568 5ρο550.
1133 2511 1343 2554 Hauemo
1364 2512 1536 2555 hauute
1557 2525 1678 2555 noue
1699 2512 1757 2556 de
1784 2522 1833 2567 15
1857 2513 1915 2557 de

285 2591 443 2649 Aprile
474 2591 548 2635 del
580 2593 633 2635 P.
670 2589 948 2643 Pellettario,
982 2594 1028 2632 et
1059 2601 1212 2631 uanno
1243 2587 1361 2632 bene
1388 2588 1430 2631 le
1462 2602 1568 2632 cose
1595 2587 1641 2631 di
1673 2589 1842 2641 Rodez,
1868 2596 1914 2632 et

0 1732 19 1967 {ffrvn-yms
0 1677 27 1711 -τ
0 1639 6 1641 ν
0 1587 17 1610 ‘.1
0 1551 14 1568 ·,
0 1470 2 1474 ⁷
0 1347 14 1410 μμ·
0 1242 27 1319 ''ff‘'

359 2713 371 2734 ¹
421 2711 471 2746 D.
490 2710 554 2746 Fr.
574 2709 894 2745 Bartholomaeus
911 2706 961 2742 de
984 2706 1176 2743 Carranza
1194 2704 1248 2743 O.
1276 2705 1347 2752 P.,
1370 2705 1419 2741 de
1441 2717 1519 2753 quo
1544 2705 1634 2741 vide
1658 2706 1805 2742 NICOL.
1832 2707 1915 2743 ΑΝ-

284 2777 429 2816 Tomo,
462 2769 627 2804 Bibliot.
658 2769 780 2815 Hisp.
814 2779 941 2810 nova‚·
972 2767 1173 2810 ECHARD,
1206 2764 1372 2800 Bibliot.
1399 2766 1685 2807 dominicana,·
1718 2766 1915 2814 Touxion,

283 2831 358 2866 loe.
377 2828 460 2873 cit.;
480 2828 723 2872 LLORENTE,
742 2827 928 2862 Historia
945 2826 1086 2861 critica
1103 2825 1150 2859 de
1169 2824 1210 2859 la
1226 2824 1469 2870 inquisicion
1482 2826 1529 2860 de
1548 2825 1731 2871 Espaffa,·
1744 2825 1921 2861 Mamm-

282 2897 365 2925 ΒΕΖ
396 2888 584 2933 PELAYO,
607 2887 795 2922 Historia
824 2887 871 2922 de
897 2886 955 2920 los
982 2884 1237 2920 heterodoxos
1258 2884 1476 2930 espaaoles,
1508 2883 1589 2920 lib.
1610 2884 1678 2927 IV,
1703 2895 1790 2930 cap.
1827 2893 1911 2930 vn13

284 2948 487 2995 epistolam
505 2945 658 2982 comitis
671 2945 721 2981 de
739 2946 862 2989 Luna,
880 2945 1080 2981 licentiato
1094 2943 1286 2989 Guzman,
1300 2942 1402 2990 apud
1417 2943 1557 2979 SALVA
1574 2951 1602 2978 Y
1620 2943 1747 2979 SAINz
1761 2952 1817 2979 DE
1834 2944 1915 2980 ΒΑ-

281 3016 444 3051 RANDA,
462 3007 540 3042 loc.
568 3005 653 3050 cit.,
676 3005 747 3049 IX,
774 3002 945 3050 337-3393
970 3009 1010 3039 et
1034 3003 1261 3049 ΜΕΝΒΟΖΑ,
1284 3007 1373 3039 acta
1393 3001 1548 3039 concilii
1567 3001 1783 3050 tridentini,
1809 3003 1912 3050 apud

282 3064 545 3110 nomiman,
563 3065 642 3101 loc.
665 3063 734 3100 cit.
748 3090 758 3109 ,
777 3062 829 3108 Π,
850 3071 930 3108 129,
957 3061 1038 3098 130.
