2196 3522
995 280 1215 333 Appnnmx
1345 257 1357 267 ⁶
1500 309 1502 312 -
1844 287 1911 325 601

281 386 418 502 (3αᾷῗῖ
451 400 591 431 varm.
636 386 744 441 1565
767 388 796 442 ¹..
836 385 993 429 Manet
1024 386 1173 442 sigilli
1205 386 1465 444 vestigium,
1497 402 1589 431 non
1621 393 1770 432 autem
1807 391 1914 433 ins-

281 461 351 489 crz
400 461 458 490 zo.

1066 596 1128 638 VI

664 683 807 723 OTTO
831 683 1135 720 TRUCHSESS
1162 684 1232 719 DE
1258 684 1529 723 WALBURG

863 759 1069 796 cardinalis
1087 765 1328 807 augustanus

808 852 965 883 BEATO
999 852 1154 883 PETRO
1185 852 1378 883 CANISIO

735 929 921 981 Romae,
954 939 1011 982 24
1039 927 1242 984 Augusti
1276 929 1387 983 1560
1418 930 1450 973 ².

329 1017 500 1067 Collegii
516 1005 554 1055 ei
571 1017 850 1053 uni-versitatis
864 1016 1060 1064 Dilingae
1073 1016 1196 1052 initia
1213 1018 1390 1064 exponit:
1402 1018 1449 1054 de
1473 1019 1634 1068 collegii
1651 1021 1859 1059 Societatis

622 1077 874 1113 institutione
895 1075 1086 1111 Lainium
1104 1077 1141 1110 et
1158 1074 1347 1111 Natalem
1363 1078 1552 1114 consulit.

364 1161 474 1205 R.do
490 1161 537 1204 in
554 1160 737 1204 Christo
758 1159 934 1202 fratello
950 1165 1120 1211 nostro,
1140 1158 1318 1204 sincero
1335 1159 1430 1218 [sic]
1447 1161 1629 1208 dilecto.
1649 1165 1735 1208 Per
1753 1165 1795 1210 la
1811 1165 1909 1210 lite-

276 1236 325 1265 ra
341 1222 398 1264 de
413 1223 470 1265 V.
491 1223 541 1264 P.
563 1221 636 1263 del
653 1219 796 1276 primo
812 1219 857 1261 di
874 1226 1034 1274 questo
1051 1233 1176 1263 mese
1192 1220 1251 1262 ho
1269 1219 1475 1264 riceuuto
1492 1235 1578 1265 con
1595 1223 1684 1267 mia
1700 1226 1908 1281 grandis-

275 1281 388 1324 sima
416 1279 709 1331 satisfatione,
740 1285 786 1323 et
813 1278 859 1320 in
882 1285 1010 1334 parte
1037 1291 1123 1321 con
1153 1279 1307 1322 dolore
1334 1279 1526 1333 infinitO,
1552 1283 1719 1327 douue.
1735 1286 1850 1329 vedo
1873 1287 1902 1328 l’

274 1339 585 1397 impossibilita
601 1339 718 1383 delle
734 1352 839 1382 cose
855 1337 1104 1394 spirituale.
1125 1338 1311 1393 Quanto
1327 1339 1368 1382 al
1384 1339 1653 1396 particulare
1671 1344 1787 1389 delle
1803 1356 1907 1402 pre-

274 1399 396 1456 dige‚
420 1399 487 1442 sia
507 1399 689 1442 laudato
711 1397 799 1441 Dio
822 1396 1117 1453 onnipotente
1138 1398 1255 1441 della
1278 1398 1478 1443 fructosa
1498 1407 1544 1443 et
1565 1402 1748 1458 copiosa
1769 1418 1903 1460 opera

274 1460 359 1502 che
381 1459 425 1502 fa
446 1459 503 1502 V.
530 1459 598 1510 S.,
624 1464 670 1502 et
691 1471 823 1513 spero
844 1471 930 1500 con
959 1456 989 1499 il
1012 1464 1162 1512 tempo
1190 1459 1358 1501 hauera
1389 1460 1647 1517 compaigni
1669 1461 1715 1505 di
1738 1464 1806 1507 far
1826 1463 1904 1520 piu

274 1519 437 1561 fructo.
463 1519 648 1574 Quanto
670 1517 712 1560 al
734 1517 926 1572 synodo,
951 1522 1101 1572 spetto
1129 1516 1290 1560 alcune
1321 1517 1515 1574 risposte
1542 1534 1621 1565 soe
1641 1529 1687 1564 et
1708 1522 1782 1567 del
1803 1525 1897 1567 suf-

273 1578 505 1634 fraganeo.
533 1579 608 1620 Ma
628 1575 788 1632 poiche
809 1574 848 1619 si
868 1576 982 1619 vede
1004 1576 1047 1618 la
1069 1574 1232 1620 tardita
1258 1576 1363 1631 delli
1391 1578 1490 1621 loro
1512 1579 1732 1637 collegae,
1757 1589 1803 1625 et
1825 1585 1902 1626 ch’

272 1637 303 1679 il
335 1650 606 1693 componere
641 1649 761 1678 noue
793 1642 917 1679 tante
953 1634 1276 1679 constitutione
1314 1637 1490 1681 tardera
1526 1639 1663 1692 assai,
1703 1642 1903 1688 crederei

271 1697 357 1740 che
384 1697 589 1740 bastasse
615 1694 662 1737 in
690 1701 849 1750 questa
876 1694 1051 1750 synodo
1079 1702 1288 1750 presente
1315 1695 1581 1741 continuare
1609 1699 1651 1742 le
1679 1701 1902 1745 constitu—

273 1755 398 1800 tione
425 1756 542 1798 delle
569 1754 815 1811 superiore,
841 1753 1162 1797 rimettendose
1189 1753 1308 1798 circa
1335 1754 1365 1797 li
1391 1758 1660 1802 sacramenti
1688 1759 1762 1802 alli
1790 1775 1902 1804 con-

272 1814 366 1867 cili,
398 1821 444 1858 et
473 1815 540 1858 far
568 1814 611 1857 la
645 1812 863 1870 principal
889 1812 1123 1870 diligentia
1150 1812 1195 1856 di
1223 1813 1378 1858 venire
1406 1817 1462 1859 ad
1490 1831 1579 1860 vna
1608 1831 1739 1872 vera,
1770 1821 1901 1865 effet-

271 1875 394 1918 tuale
421 1873 742 1917 reformatione
768 1887 854 1916 con
881 1872 1006 1916 leuar
1042 1873 1084 1916 le
1120 1873 1390 1927 concubine,
1430 1875 1473 1919 la
1508 1875 1601 1919 vita
1636 1879 1901 1924 scandalosa

270 1934 327 1977 de
355 1933 684 1989 imbdaganza,
714 1937 760 1975 et
782 1931 882 1975 altri
911 1931 1015 1975 mali
1042 1932 1266 1988 essempli.
1297 1934 1396 1976 Con
1428 1934 1610 1979 ordinas
1636 1937 1677 1980 la
1707 1930 1899 1983 admini-

270 1992 488 2037 stratione
513 1993 571 2036 de
595 1990 863 2035 sacramenti
885 2004 972 2034 con
993 1990 1071 2047 pisi
1091 1991 1336 2037 deuotione
1356 2000 1402 2036 et
1422 1993 1568 2038 ordini
1590 1997 1896 2043 conuenienti.

269 2053 370 2096 Con
391 2051 581 2108 estirpar
607 2058 653 2096 et
680 2050 866 2094 cacciar'
890 2056 1007 2094 tutte
1033 2051 1076 2094 le
1101 2051 1277 2096 heresie
1301 2058 1347 2095 et
1368 2052 1399 2095 li
1433 2054 1548 2109 preti
1577 2062 1623 2099 et
1650 2056 1800 2100 clerici
1823 2073 1898 2102 so-

268 2111 428 2168 spetti,
458 2110 624 2155 sicome
656 2124 742 2153 con
763 2109 795 2152 il
823 2110 1034 2153 mandato
1066 2109 1239 2154 inuiato
1266 2111 1324 2155 da
1352 2126 1426 2156 me
1454 2119 1500 2157 et
1529 2127 1616 2158 con
1645 2115 1675 2157 l’
1706 2115 1898 2161 instrut—

268 2171 394 2215 tione
424 2185 501 2214 era
527 2169 643 2214 assai
669 2170 948 2226 largamente
975 2168 1196 2212 ordinato.
1225 2172 1313 2214 Per
1334 2178 1495 2227 questo
1523 2174 1580 2217 V.
1607 2175 1655 2218 S.
1688 2174 1754 2219 sia
1783 2191 1896 2220 con—

267 2237 392 2274 tenta
413 2230 459 2273 di
480 2229 622 2273 dirme
643 2243 726 2272 suo
753 2242 925 2285 parere,
957 2235 1002 2272 et
1029 2228 1150 2284 quali
1180 2230 1384 2285 deputati
1411 2230 1465 2274 lei
1491 2235 1791 2288 reputarebbe
1819 2236 1897 2293 piu

267 2288 418 2333 idonei
451 2296 497 2333 et
530 2287 752 2345 diligenti.
789 2288 851 2332 Se
882 2287 913 2329 li
946 2300 1149 2344 paresse,
1185 2288 1229 2332 io
1262 2289 1499 2334 renoueria
1532 2290 1563 2334 il
1599 2294 1812 2337 mandato
1849 2295 1894 2338 in

266 2363 460 2405 persona
491 2349 610 2393 dello
642 2349 950 2403 suffraganeo,
981 2360 1110 2390 come
1139 2347 1231 2391 mio
1267 2348 1434 2392 vicario
1468 2349 1513 2392 in
1541 2351 1891 2409 pontificalibus,

265 2414 311 2452 et
330 2408 360 2450 l'
385 2406 683 2464 aggiongeria
703 2408 761 2451 V.
787 2407 835 2451 S.
861 2412 908 2449 et
928 2407 986 2449 D.
1013 2406 1224 2450 Conrado
1252 2409 1422 2460 Bruno,
1448 2410 1491 2452 al
1519 2411 1623 2464 qual
1645 2412 1827 2456 vederia
1847 2414 1894 2457 di

263 2467 505 2523 disponere
525 2467 571 2509 di
592 2473 734 2510 restar
762 2479 840 2522 per
867 2465 1027 2510 adesso
1053 2463 1101 2508 in
1126 2465 1157 2508 li
1185 2465 1360 2510 articuli
1393 2469 1617 2515 commissi
1646 2471 1703 2514 da
1731 2487 1821 2525 me,
1847 2481 1894 2516 et

263 2526 339 2582 poi
366 2540 452 2570 con
479 2526 509 2569 il
537 2534 705 2582 tempo,
739 2525 938 2569 secondo
970 2523 1007 2567 si
1039 2525 1221 2568 veneria
1251 2525 1297 2568 in
1329 2534 1489 2583 questa
1520 2529 1825 2574 celebratione
1847 2531 1891 2575 in

265 2585 526 2642 cognitione
573 2585 690 2628 della
726 2583 981 2636 necessita,
1008 2582 1046 2626 si
1075 2583 1184 2628 faria
1222 2583 1268 2628 in
1305 2585 1446 2630 breue
1479 2602 1567 2630 vna
1606 2589 1718 2632 altra
1753 2605 1892 2646 syno-

265 2645 339 2697 do,
379 2645 465 2687 alla
499 2645 632 2700 quale
668 2645 761 2686 fare
797 2642 906 2699 ogni
943 2656 1081 2698 opera
1116 2642 1161 2685 di
1197 2643 1326 2688 venir
1352 2644 1398 2688 in
1426 2660 1633 2702 persona.
1675 2649 1729 2692 V.
1763 2650 1812 2694 S.
1846 2650 1891 2693 ui

264 2703 376 2760 parli
399 2718 484 2747 con
505 2704 716 2748 dolcezza
736 2717 869 2758 sopra
889 2701 935 2744 di
957 2707 1120 2758 questo
1141 2716 1227 2746 con
1250 2705 1306 2747 D.
1334 2704 1560 2758 Conrado,
1581 2714 1626 2749 et
1649 2707 1890 2765 principal—

263 2770 417 2808 mente
453 2777 537 2806 con
576 2762 606 2805 il
644 2763 955 2818 suffraganeO,
995 2767 1041 2805 et
1076 2775 1150 2806 me
1185 2762 1370 2806 rescriui
1407 2771 1559 2808 vostra
1597 2767 1884 2812 resolutione.

338 2884 348 2904 ¹
399 2880 576 2919 Obscure
601 2885 815 2916 exaratum.
843 2879 1002 2915 Nullum
1029 2884 1159 2915 tamen
1184 2878 1346 2917 dubium
1371 2894 1571 2918 remanere
1594 2894 1710 2930 posse
1735 2885 1889 2923 videtur

262 2928 356 2978 quin
381 2929 547 2976 epistola
563 2929 659 2964 haee
678 2939 778 2964 anno
799 2927 890 2972 1560
907 2926 996 2962 data
1013 2925 1143 2963 fuerit.

332 2980 346 3000 2
398 2978 454 3012 Ex
478 2976 729 3022 autographo,
759 2975 798 3011 in
820 2974 919 3010 Cod.
952 2975 1011 3020 38,
1033 2974 1169 3010 decem
1193 2975 1311 3022 foliis,
1329 2977 1376 3021 67
1394 2978 1493 3023 (414,
1517 2977 1616 3024 419).
1642 2978 1742 3014 Vide
1772 2992 1886 3028 supra

261 3035 354 3072 pag.
385 3023 469 3070 384,
500 3029 634 3060 annot.
662 3032 694 3067 1;
727 3023 811 3067 506,
830 3027 960 3058 annot.
979 3032 1015 3067 43
1047 3028 1087 3057 et
1115 3023 1473 3070 BRAUNSBERGER,
1509 3026 1586 3060 loc.
1619 3026 1782 3073 cit.,11,
1801 3028 1884 3076 734,

261 3078 393 3108 annot.
412 3071 434 3107 3
443 3098 452 3107 .
