2196 3522
871 258 895 294 6
920 258 1169 312 Novmms
1197 260 1287 304 1562
1835 266 1903 303 127

252 362 405 407 Dizen
426 362 621 419 algunos
638 376 727 418 que
749 376 799 405 se
820 359 1020 406 differira
1038 361 1083 404 13
1102 359 1278 406 session
1294 374 1376 417 por
1393 366 1601 416 respecto
1617 360 1760 404 delos
1779 360 1898 403 tran-

255 454 406 493 88585,
431 453 521 497 que
541 438 676 484 dizen
698 454 748 483 se
770 451 979 492 acercan;
998 452 1108 495 pero
1125 452 1185 481 no
1203 452 1261 494 ay
1277 451 1385 481 cosa
1401 436 1557 482 cierta.
1576 439 1648 480 De
1665 438 1905 481 matrimo-

260 517 344 560 m'o
364 531 425 560 no
446 530 497 560 se
515 518 576 560 ha
598 516 875 572 eomencado
897 519 924 559 a
946 522 1122 559 trattar.

354 595 425 638 De
452 594 521 637 los
547 593 688 637 libros
714 593 772 638 de
794 591 1001 637 Louanio
1029 607 1115 636 nos
1143 594 1232 636 han
1255 591 1390 636 dicho
1423 606 1512 648 que
1549 606 1633 635 son
1668 591 1860 636 uenidos
1882 596 1909 636 a

267 671 370 729 Igni
392 669 459 730 [?],
484 684 513 726 4
534 671 679 715 millas
706 671 764 714 de
791 673 919 726 aqui:
953 669 992 714 si
1019 684 1070 714 se
1104 669 1285 727 supiese
1311 670 1358 713 10
1387 669 1545 722 cierto,
1577 668 1756 715 auisare
1777 677 1910 714 antes

263 749 343 794 del
372 763 522 794 cerrar
548 749 693 794 desta.

1032 902 1151 944 2921

601 984 669 1026 P.
722 981 1269 1026 HIERONYMUS
1307 981 1585 1025 NADAL

794 1070 841 1106 P.
874 1068 1168 1119 LEONARDO
1195 1069 1392 1105 KESSEL

724 1155 965 1190 ansusi-AB,
992 1146 1015 1182 6
1039 1155 1281 1184 novmrmus
1310 1147 1401 1192 1562
1430 1149 1460 1183 ¹.

273 1235 312 1262 ι.
338 1226 400 1262 De
423 1237 529 1263 nova
552 1228 589 1261 et
613 1225 867 1273 locupletiori
889 1225 1063 1261 editione
1086 1236 1278 1261 censurae
1307 1225 1537 1261 catechismi
1555 1224 1736 1272 Joannis
1760 1223 1918 1260 Monhe-

351 1285 530 1322 mii.-2.
561 1285 623 1321 De
646 1284 762 1321 rebus
783 1285 868 1321 suis
893 1296 972 1320 non
989 1284 1083 1331 jam
1107 1285 1163 1320 ad
1187 1284 1375 1320 Natalem
1399 1285 1468 1320 sed
1490 1286 1545 1320 ad
1569 1285 1622 1320 P.
1656 1284 1802 1320 Lainez
1823 1284 1919 1320 scri-

349 1345 547 1391 bant.—3.
575 1342 760 1392 Collegia
777 1356 803 1380 a
821 1344 958 1404 Nadal
970 1345 1226 1391 perlustrata
1244 1344 1306 1380 vel
1318 1344 1628 1392 perlustranda.

374 1460 411 1492 1.·
477 1445 693 1491 Occurrit
714 1461 825 1491 vero
850 1454 899 1490 vt
919 1446 1114 1503 paucula
1135 1445 1282 1490 dicam
1304 1446 1362 1491 de
1383 1445 1583 1490 editione
1604 1459 1824 1491 censurae
1851 1447 1920 1489 lo-

274 1525 538 1582 cupletatae
561 1524 594 1566 ¹.
621 1523 791 1580 Scripsi
814 1538 904 1581 ego
926 1524 985 1567 ad
1008 1525 1191 1568 Patrem
1212 1537 1266 1567 ea
1287 1524 1344 1567 de
1366 1539 1430 1568 re.
1465 1523 1635 1567 Probat
1661 1522 1918 1576 consilium,

279 1608 332 1645 vt
354 1607 538 1645 curetur
559 1602 674 1645 haec
689 1600 829 1644 editio
846 1600 991 1658 primo
1009 1614 1190 1656 quoque
1208 1606 1427 1658 tempore,
1448 1614 1538 1656 qua
1554 1599 1753 1644 editione
1769 1613 1922 1657 gnaue

281 1677 638 1736 locupletatione
655 1678 952 1723 confirmetur
968 1677 1089 1735 prior
1105 1676 1182 1720 illa
1197 1691 1407 1732 censura,
1426 1684 1472 1721 et
1488 1678 1816 1735 respondeatur
1830 1678 1898 1722 Ar
1912 1707 1915 1708 γ

280 1763 447 1813 topaeo
469 1761 515 1800 et
536 1754 803 1800 Chemnisio
826 1756 860 1810 ³,
884 1755 947 1799 ita
970 1762 1121 1799 tamen
1142 1762 1192 1797 vt
1219 1754 1509 1812 compendio,
1537 1755 1687 1810 quoad
1714 1754 1812 1798 fieri
1839 1768 1923 1811 po-

282 1833 406 1886 terit,
432 1838 611 1877 constet
633 1847 687 1877 ea
708 1832 1018 1889 locupletatio.
1046 1833 1287 1876 Curabunt
1310 1835 1363 1876 P.
1390 1832 1620 1877 Henricus
1642 1833 1658 1853 ⁴
1679 1839 1726 1876 et
1748 1833 1802 1876 P.
1829 1832 1922 1876 Co-

280 1918 436 1956 sterus
459 1911 474 1933 ⁵
502 1911 622 1953 hanc
650 1924 808 1966 parare
837 1909 1099 1963 editionem,
1126 1924 1261 1965 quam
1283 1909 1485 1967 poterint
1505 1908 1853 1967 diligentissime
1880 1916 1926 1953 et

358 2074 368 2094 ¹
420 2072 479 2107 Ex
509 2071 747 2119 apographo,
779 2070 907 2107 Patris
939 2072 1079 2106 Kessel
1110 2082 1226 2107 manu
1256 2076 1414 2107 exarato
1426 2098 1435 2116 ,
1466 2071 1506 2107 in
1536 2071 1622 2118 ejus
1661 2070 1927 2118 Epistolario,

286 2130 387 2168 Cod.
410 2140 468 2178 37,
493 2130 563 2166 fol.
597 2129 664 2166 136
687 2132 777 2176 (24).
803 2130 960 2166 Titulus
984 2129 1096 2166 initio
1126 2129 1292 2177 positus:
1325 2129 1349 2166 6
1378 2130 1628 2175 Novembris,
1658 2131 1932 2178 Augustae.—

291 2190 340 2227 P.
359 2189 524 2226 Natalis
541 2190 847 2234 coloniensibus;
864 2189 935 2225 sed
953 2201 1003 2225 ex
1021 2188 1145 2236 ipsius
1164 2189 1355 2237 epistolae
1380 2195 1518 2225 tenore
1543 2201 1630 2225 eam
1650 2189 1757 2225 Patri
1777 2189 1932 2232 Kessel,

285 2249 529 2287 coloniensis
546 2249 686 2286 domus
704 2249 954 2295 moderatori,
974 2248 1104 2285 datam
1122 2248 1246 2285 fuisse
1264 2250 1368 2285 clare
1386 2249 1525 2296 liquet,

364 2312 378 2332 ²
430 2310 545 2345 Anno
566 2309 657 2354 1560
675 2306 862 2346 Coloniae
881 2309 1011 2345 editus
1027 2308 1103 2344 fuit
1121 2307 1236 2355 liber,
1253 2308 1317 2345 eui
1335 2308 1487 2344 titulus:
1509 2322 1526 2342 «
1535 2307 1718 2344 Censura
1736 2308 1789 2344 Et
1806 2307 1935 2344 Docta

295 2368 526 2416 Explicatio
544 2369 746 2405 Errorvm
768 2367 1008 2405 Catechismi
1016 2368 1196 2415 sommis
1212 2368 1448 2412 Monhemii,
1476 2367 1751 2404 Grammatici
1773 2367 1935 2402 Dussel-

291 2428 552 2474 dorpensis....
562 2430 639 2474 per
655 2429 866 2475 deputatos
883 2440 909 2463 a
928 2428 1056 2463 Sacra
1080 2427 1318 2475 Theologica
1334 2427 1545 2463 Facultate
1567 2427 1851 2463 Vniversitatis
1867 2424 1937 2461 Co-

297 2486 535 2523 loniensis.»
554 2488 615 2523 De
633 2488 706 2523 hoc
725 2486 961 2533 igiturrlibro
979 2486 1254 2534 locupletando
1273 2492 1313 2522 et
1325 2486 1456 2522 denuo
1474 2486 1704 2522 excudendo
1728 2497 1856 2522 sermo
1875 2490 1935 2520 est

295 2545 339 2581 in
356 2546 429 2581 hac
447 2545 630 2592 epistola.
654 2547 714 2582 De
731 2546 847 2593 hujus
871 2547 1001 2594 operis
1027 2545 1190 2582 historia
1214 2546 1326 2593 plura
1354 2545 1557 2593 congessit
1585 2546 1630 2581 P.
1661 2546 1938 2581 BRAUNSBER-

293 2613 397 2652 GER,
418 2603 577 2640 Canisii
593 2606 733 2653 epist.‚
752 2606 804 2650 ΙΙ,
821 2606 906 2650 626,
924 2606 1008 2651 627,
1027 2614 1098 2651 720
1123 2611 1163 2641 et
1189 2613 1273 2650 721,
1301 2604 1368 2641 Cf.
1399 2606 1717 2649 RElFFENBERG,
1750 2604 1823 2639 loc.
1853 2603 1938 2646 cit„

298 2663 367 2700 lib.
386 2664 456 2710 IV,
474 2675 561 2711 cap.
579 2672 636 2708 v13
654 2665 849 2711 HANSEN,
868 2667 942 2701 108.
962 2666 1033 2701 cit.
1046 2694 1055 2712 ,
1074 2676 1168 2712 pag.
1191 2663 1276 2711 349,
1292 2663 1361 2710 357
1380 2669 1421 2701 et
1445 2674 1530 2710 4423
1555 2668 1596 2699 et
1625 2664 1829 2710 Jaefflssmffi
1865 2661 1939 2699 Ge-

296 2723 464 2759 schichte
483 2724 550 2759 des
568 2724 793 2760 Deutschen
819 2725 970 2770 Volkes,
990 2725 1040 2770 V,
1057 2725 1146 2770 462.

371 2783 386 2804 ³
435 2783 526 2826 Ms.‚
548 2781 774 2819 Chemusio.
796 2783 1017 2820 «Privatam
1037 2785 1136 2820 hanc
1154 2795 1361 2820 censuram
1380 2783 1519 2819 eodem
1532 2794 1633 2818 anno
1648 2786 1784 2817 secuta
1798 2786 1860 2817 est
1874 2794 1941 2828 pu-

296 2841 415 2888 blica,
435 2841 651 2877 Facultatis
669 2842 932 2888 Theologicae
950 2843 1202 2889 authoritate,
1222 2854 1267 2879 ac
1281 2843 1409 2890 jussu3
1428 2843 1493 2879 cui
1511 2841 1707 2878 Henricus
1723 2841 1944 2888 Artopaeus

298 2906 340 2937 et
369 2901 560 2936 Martinus
591 2900 840 2937 Chemnitius
878 2902 1036 2950 Lipsiae
1072 2904 1268 2939 oblatrare
1303 2902 1434 2938 conati
1465 2907 1595 2938 sunt.»
1625 2901 1942 2946 RE1FFENBERG‚

297 2959 381 2996 108.
401 2959 469 2996 cit.

374 3021 390 3042 ⁴
439 3019 487 3056 P.
511 3019 709 3055 Henricus
725 3019 957 3067 Dionysius,
975 3020 1025 3057 de
1041 3033 1118 3069 quo
1137 3021 1229 3057 vide
1247 3019 1439 3068 append.,
1459 3032 1501 3055 n.
1527 3020 1558 3054 Ι.

375 3081 390 3101 ⁵
439 3079 484 3115 P.
505 3079 736 3115 Franciscus
750 3078 909 3115 Coster.
929 3079 1024 3127 Ejus
1039 3092 1205 3117 examen
1219 3080 1322 3117 inter
1335 3080 1410 3116 alia
1423 3080 1590 3115 habetur
1603 3077 1643 3114 in
1657 3077 1841 3126 append.,
1856 3090 1895 3114 n.
1912 3079 1945 3114 1.
