2196 3522
1058 337 1150 382 Ι556
1874 343 1923 382 47

278 437 478 495 quadam
500 437 645 482 morbi
667 437 883 482 foeditate
904 438 1208 492 conflictatus,
1234 439 1416 483 tandem
1438 439 1670 497 profectus
1690 438 1739 482 in
1755 438 1927 496 Hispa-

285 515 424 570 niam,
449 530 542 559 non
564 515 643 559 diu
664 515 933 573 superuixit.
959 514 1051 560 Hic
1073 517 1222 561 bonus
1249 518 1388 561 Pater
1414 517 1558 561 multa
1585 517 1772 561 abstulit
1799 531 1826 561 a
1853 531 1927 562 me

284 592 509 637 sacrificia
529 593 710 646 missae,
735 594 879 637 multa
900 594 958 637 ab
974 593 1074 650 alijs
1098 593 1326 647 Patribus,
1350 594 1517 638 multas
1545 594 1787 638 orationes.
1820 596 1929 639 Erat

284 670 358 714 vir
393 671 558 715 doctus
594 669 892 727 speculatiue,
923 677 970 714 et
1006 678 1270 723 accuratum
1307 671 1487 728 scripsit
1522 671 1688 715 librum
1724 673 1782 716 de
1818 671 1930 716 loeis

289 747 580 806 theologicis;
614 762 774 791 verum
810 747 1000 792 offendit
1026 747 1195 791 multos
1223 761 1307 792 sua
1332 747 1505 804 ingenij
1535 748 1723 805 practici
1750 749 1930 793 dificul-

290 833 400 881 tate,
431 832 519 870 etc.
556 825 725 869 Anima
758 824 859 869 eius
890 824 938 868 in
967 833 1126 869 sancta
1162 839 1276 882 pace
1312 825 1585 881 requiescat.
1612 826 1844 881 Exercuit,
1883 826 1931 870 in

288 903 422 948 nobis
443 902 724 960 patientiam,
749 901 1015 947 charitatem
1032 909 1079 946 et
1100 901 1322 946 beneficia
1337 901 1385 946 in
1401 917 1452 947 se
1473 910 1630 946 nostra
1657 903 1663 961 Ι
1690 903 1786 947 suis
1801 904 1932 948 oblo-

288 981 551 1026 cutionibus
573 979 806 1033 excitauit,
827 993 941 1036 quas
961 993 1050 1036 ego
1077 993 1258 1036 semper
1285 980 1460 1024 fatebor
1486 994 1543 1023 ex
1571 981 1669 1024 zelo
1699 981 1933 1039 religionis

291 1066 338 1104 et
365 1057 545 1116 pietatis
581 1071 682 1102 esse
717 1057 959 1114 profectas3
990 1070 1076 1100 nec
1113 1056 1304 1101 vlterius
1340 1056 1555 1114 cogitabo
1585 1072 1644 1101 an
1680 1059 1932 1103 secundum

293 1135 544 1182 scientiam.

383 1212 591 1258 Prouisio
622 1212 812 1265 interea,
846 1225 964 1268 quae
991 1218 1088 1257 erat
1116 1211 1258 1268 prima
1286 1225 1395 1256 cura
1433 1227 1562 1257 meae
1597 1212 1840 1267 missionis,
1865 1221 1935 1259 est

291 1292 518 1336 confecta.
546 1290 685 1334 Missa
706 1291 895 1333 Romam
919 1303 1036 1345 3000
1059 1299 1101 1336 Δ
1125 1303 1207 1347 per
1227 1289 1380 1334 literas
1402 1290 1708 1347 collybisticas
1730 1293 1935 1349 burgen-

295 1369 413 1413 sium
435 1374 754 1420 mercatorum‚
778 1374 829 1410 vt
849 1365 1041 1424 singulis
1062 1366 1296 1412 mensibus
1317 1367 1547 1412 Florentia
1568 1367 1858 1413 mitterentur
1879 1370 1937 1413 ad

295 1455 478 1491 nostros
525 1446 714 1489 Romam
759 1457 846 1500 300
888 1454 930 1491 Δ
945 1478 954 1488 .
996 1444 1329 1490 Praestiterunt
1371 1460 1481 1490 vero
1529 1448 1615 1490 hoc
1663 1453 1938 1491 mercatores

292 1525 467 1580 absque
489 1537 693 1567 summae
715 1521 1033 1578 dimjnutione,
1065 1523 1188 1578 quod
1216 1522 1302 1566 fuit
1329 1523 1635 1568 necessarium
1663 1524 1938 1580 praesidium

293 1600 476 1658 collegij
502 1599 691 1653 romani,
716 1607 854 1656 atque
874 1599 942 1643 8¹
966 1600 1081 1643 adeo
1102 1599 1316 1652 salutare,
1342 1607 1391 1644 vt
1412 1615 1504 1657 quo
1533 1608 1735 1659 tempore
1756 1609 1939 1659 propter

296 1679 516 1723 bellorum
541 1677 813 1722 detrimenta
836 1684 882 1722 et
908 1691 1059 1721 rerum
1087 1677 1289 1721 omnium
1316 1677 1608 1731 dificultateS,
1638 1679 1939 1736 potentissimi

276 1755 551 1808 ‘cardinales
573 1756 744 1799 Romae
762 1754 821 1800 de
843 1769 892 1799 re
919 1754 1153 1811 pecuniari
1180 1754 1567 1809 conflictarentur,
1588 1771 1671 1800 nos
1699 1756 1811 1800 nihil
1831 1772 1939 1801 sen-

300 1834 488 1880 tiremus
509 1832 740 1890 penuriae.
768 1833 870 1878 Hae
890 1832 1111 1889 pecuniae
1133 1840 1446 1889 prouenerunt
1472 1834 1634 1891 partim
1663 1848 1720 1878 ex
1747 1834 1948 1880 residuis

298 1911 410 1955 iuris
433 1913 486 1954 P.
513 1909 759 1963 Francisci,
779 1909 940 1966 partim
963 1925 1019 1955 ex
1042 1911 1093 1954 P.
1118 1909 1337 1954 Antonio.
1363 1911 1514 1956 Credo
1530 1925 1631 1957 esse
1649 1919 1758 1956 tunc
1775 1926 1940 1969 accep-

302 1996 374 2033 tos
395 2001 484 2043 400
513 1998 554 2034 Δ
583 2002 640 2031 ex
662 1987 856 2044 collegio
876 1987 1150 2044 placentino,
1176 1987 1238 2032 ita
1260 1995 1429 2042 tamen,
1449 1996 1498 2032 vt
1519 1996 1641 2034 esset
1661 1990 1719 2034 de
1735 1989 1942 2047 pecunijs

302 2065 469 2110 debitis
491 2066 676 2118 Romae,
707 2065 829 2108 vnde
862 2066 914 2108 P.
946 2065 983 2109 F
985 2064 1218 2108 ranciscus
1245 2064 1366 2108 illam
1394 2079 1619 2110 summam
1656 2066 1850 2124 collegio
1878 2067 1942 2110 illi

305 2140 613 2202 refundere[t].
644 2142 651 2200 Ι

969 2259 1283 2322 [METYMNAE]

396 2375 626 2421 Conuenit
646 2390 719 2419 me
742 2377 1002 2432 Metymnae
1025 2376 1199 2420 Suerus
1221 2377 1352 2433 Vega
1372 2377 1430 2422 de
1451 2377 1530 2422 lite
1551 2377 1621 2421 sui
1653 2377 1942 2434 matrimonij:

307 2453 537 2508 consului,
568 2467 685 2509 quae
721 2459 1019 2496 occurrerunt
1034 2467 1091 2496 ex
1127 2452 1227 2497 eius
1254 2453 1489 2509 relatione,
1520 2469 1768 2511 numquam
1807 2455 1946 2499 fuisse

309 2532 422 2575 illud
443 2530 779 2574 matrimonium
796 2543 971 2584 verum;
990 2531 1242 2574 curandum
1260 2539 1309 2573 vt
1325 2531 1669 2584 dissolueretur,
1689 2540 1798 2584 etc.,
1824 2532 1947 2588 quod

311 2608 376 2652 illi
397 2607 591 2651 sucessit
606 2622 632 2651 e
653 2606 895 2652 sententia.

402 2683 646 2740 Disputaui
682 2698 786 2727 cum
821 2684 998 2729 medico
1036 2686 1195 2737 Perea,
1227 2684 1305 2740 qui
1342 2685 1531 2730 ridicule
1553 2686 1752 2742 quidem,
1788 2699 1948 2730 verum

313 2767 576 2806 constanter
598 2767 767 2814 tuetur,
792 2761 840 2804 in
858 2762 1006 2805 brutis
1027 2762 1196 2805 nullam
1219 2776 1320 2805 esse
1341 2762 1473 2806 aliam
1496 2763 1690 2806 animam
1712 2777 1847 2818 quam
1869 2777 1950 2807 ve—

314 2837 580 2896 getatiuam.
611 2837 797 2881 Adduxi
818 2837 943 2882 illum
966 2846 1016 2881 vt
1032 2839 1211 2883 timeret
1227 2854 1446 2894 asserere,
1466 2855 1583 2896 quae
1605 2838 1870 2898 nesci[e]bat
1894 2854 1951 2883 an

313 2923 436 2960 esset
456 2921 615 2958 contra
635 2915 788 2967 fidem,
814 2915 1082 2972 scripturam
1104 2923 1151 2960 et
1171 2917 1409 2960 doctorum
1437 2917 1654 2962 ecclesiae
1682 2916 1948 2961 doctrinam.

404 2992 481 3036 82
530 2991 805 3044 Bernardus,
829 2990 982 3035 iussus
1017 2993 1168 3038 dicere
1195 2993 1252 3036 de
1280 2993 1489 3050 Angelis,
1521 2995 1636 3038 adeo
1658 2994 1886 3050 profunde
1907 3000 1955 3038 et

317 3068 611 3126 spiritualiter
632 3067 860 3121 disseruit,
890 3075 940 3112 vt
967 3083 1180 3126 magnam
1207 3070 1547 3115 admirationem
1581 3070 1712 3115 nobis
1742 3072 1957 3115 afferrent

320 3159 440 3202 quae
457 3146 768 3190 audiebamus.
1242 3134 1251 3142 ’
