2196 3522
361 327 409 365 72
929 317 973 352 P.
1001 317 1188 352 NATALxs
1213 317 1432 352 EPHEMER.

452 463 556 506 1:3⁷
1069 474 1250 506 AumAE

449 577 662 620 Humane
682 589 766 618 nos
803 574 974 631 recepit
1009 573 1270 631 episcopus:
1296 573 1534 631 pollicetur
1559 575 1570 596 ¹
1600 573 1857 619 liberaliter:
1888 574 1987 632 pla·

356 652 452 696 cuit
472 667 564 696 non
586 651 873 697 mediocriter
889 651 1033 709 pietas
1054 659 1100 697 et
1122 651 1327 695 doctrina
1347 650 1483 695 huius
1504 650 1717 708 episcopi.
1743 650 1880 705 Hinc,
1912 665 1985 696 re-

357 729 495 774 misso
506 729 714 788 adsssuum
731 728 991 786 collegium,
1006 728 1215 774 venimus
1228 729 1286 772 ad
1302 727 1628 773 monasterium
1645 728 1694 773 S.
1714 729 1750 771 F
1753 727 1921 773 oelicis.
1952 728 1960 787 Ι

967 863 1029 893 AD
1053 862 1093 893 S.
1126 862 1368 893 FOELICEM

447 962 535 1006 Hic
557 961 734 1019 repperi
762 964 816 1006 P.
846 963 882 1006 F
884 961 1138 1006 ranciscum
1176 961 1469 1014 Henrichem,
1509 968 1848 1018 procuratorem
1882 975 1988 1018 pro-

357 1040 550 1094 uinciae,
574 1054 665 1096 quo
701 1046 889 1084 venerat
916 1046 1100 1098 propter
1132 1038 1340 1096 negocia.
1374 1040 1514 1082 Erant
1542 1038 1662 1082 enim
1691 1052 1763 1082 res
1790 1037 1852 1081 ibi
1882 1052 1987 1095 per—

356 1118 579 1170 turbatae,
611 1123 794 1174 propter
821 1115 1091 1170 libertatem,
1123 1130 1259 1173 quam
1281 1116 1450 1159 fecerat
1478 1117 1531 1159 P.
1571 1116 1607 1159 F
1610 1114 1840 1159 ranciscus
1867 1115 1987 1159 colo-

354 1194 442 1248 nis,
461 1201 511 1237 vt
546 1193 702 1238 liceret
723 1192 831 1250 ipsis
862 1194 920 1238 de
941 1208 1025 1237 suo
1045 1193 1144 1238 iure
1172 1199 1218 1238 et
1248 1199 1506 1236 nostrorum
1533 1191 1847 1236 exactionibus
1874 1206 1985 1236 con-

355 1271 500 1327 querj,
546 1271 561 1292 ²
590 1277 678 1314 etc.
718 1270 839 1315 Nihil
878 1285 967 1327 ego
1004 1270 1206 1323 definiui,
1246 1270 1328 1315 sed
1362 1268 1606 1326 negocium
1644 1268 1794 1313 remisi
1830 1270 1889 1313 ad
1926 1271 1980 1316 P.

355 1349 391 1391 F
395 1347 663 1402 ranciscum,
687 1355 738 1391 vt
757 1362 861 1391 cum
882 1338 958 1392 illo
979 1354 1170 1405 agerent
1185 1346 1328 1391 nostri
1349 1346 1663 1403 Vlissyponae.

444 1425 632 1482 Semper
662 1425 821 1469 censui
842 1440 942 1470 esse
963 1424 1279 1471 remittendam
1302 1439 1457 1468 curam
1478 1426 1778 1480 parochorum
1798 1431 1845 1468 et
1872 1424 1985 1469 138

353 1501 621 1547 electionem
649 1503 707 1546 ad
734 1502 1010 1560 episcopum.
1044 1503 1140 1546 Nos
1169 1509 1322 1547 tamen
1349 1515 1442 1545 non
1469 1501 1637 1546 debere
1664 1500 1903 1558 negligere
1934 1508 1985 1545 vt

355 1578 594 1623 utilitatem
615 1578 811 1635 aliquam
832 1581 1095 1624 afferremus
1116 1578 1353 1623 animabus
1369 1577 1455 1621 illis
1470 1592 1552 1635 per
1572 1577 1917 1623 concionatores
1939 1587 1986 1623 et

352 1655 549 1711 aliquem
570 1656 810 1711 probatum
831 1655 1174 1709 confessarium,
1198 1662 1286 1700 etc.

442 1731 603 1775 Visum
640 1738 710 1776 est
736 1732 1058 1787 necessarium,
1087 1732 1165 1789 qui
1187 1732 1294 1776 illuc
1321 1738 1429 1776 sunt
1450 1731 1658 1776 mittendi
1686 1745 1740 1775 ac
1761 1731 1979 1785 mansuri,

352 1814 403 1850 vt
423 1807 514 1852 sint
540 1807 859 1865 probatissimi,
885 1816 1068 1866 propter
1098 1808 1388 1853 solitudinem
1408 1808 1496 1852 loci
1519 1814 1565 1854 et
1593 1807 1867 1865 paucitatem
1896 1822 1982 1852 no-

352 1892 566 1939 strorum,
592 1892 679 1949 etc.
707 1886 738 1929 ³.

442 2004 558 2047 139
954 2019 1286 2058 BRACCHARAE,
1329 2008 1390 2048 2.⁰

442 2118 548 2160 Non
570 2117 747 2174 egimus
769 2118 826 2162 de
848 2117 1113 2162 fundatione
1129 2118 1327 2175 collegij,
1347 2119 1468 2175 quod
1484 2120 1664 2163 abesset
1679 2116 1983 2174 archiepisco-

353 2208 454 2250 pus,
480 2194 711 2250 profectus
731 2193 998 2238 Tridentum
1020 2195 1077 2238 ad
1093 2194 1349 2239 concilium.
1369 2196 1542 2238 Tamen
1558 2195 1736 2252 egimus
1752 2195 1810 2238 de
1825 2208 1982 2239 emen-

350 2270 422 2313 dis
443 2270 655 2313 domibus
677 2284 703 2313 e
724 2270 910 2327 regione
932 2270 1130 2328 collegij,
1150 2278 1197 2316 et
1218 2271 1390 2315 dictum
1407 2278 1477 2317 est
1496 2279 1546 2315 vt
1561 2270 1753 2316 ecclesia
1767 2285 1911 2328 capax
1926 2285 1983 2316 ex

349 2348 494 2392 altera
514 2354 642 2404 parte
662 2346 750 2390 vici
767 2346 1044 2391 aedificetur.
1072 2347 1175 2392 Alia
1191 2355 1299 2392 sunt
1318 2348 1610 2405 praescripta,
1629 2354 1717 2392 etc.
1739 2349 1909 2393 Actum
1924 2348 1982 2391 de

351 2423 482 2467 bonis
506 2426 558 2468 P.
583 2425 676 2467 don
697 2423 876 2481 Ignatii,
901 2432 947 2469 et
974 2424 1105 2482 coepi
1133 2424 1391 2479 concilium,
1422 2426 1544 2481 quod
1570 2431 1724 2482 posset
1751 2439 1856 2482 pars
1898 2423 1981 2469 ali-

349 2515 441 2557 qua
461 2503 649 2545 Romam
685 2501 816 2544 mitti.
847 2500 854 2559 Ι
882 2502 1149 2546 Habebatur
1168 2501 1243 2545 hic
1279 2502 1414 2547 lectio
1450 2517 1638 2546 casuum
1674 2501 1980 2547 conscientiae

343 2571 455 2621 'cum
492 2579 643 2622 fructu
679 2584 726 2622 et
760 2577 976 2622 exercitio
1019 2579 1076 2622 ad
1113 2578 1443 2635 simplicitatem
1481 2578 1761 2624 audientium
1798 2592 1978 2622 accom-

350 2655 549 2698 modato.

438 2774 561 2817 14⁰
964 2788 1026 2818 AD
1050 2787 1263 2829 PORTUM,
1289 2777 1351 2818 2.⁰

439 2886 688 2930 Residuum
717 2886 985 2930 visitationis
1010 2887 1199 2932 absolui.
1226 2888 1398 2932 Audiui
1425 2889 1751 2943 confessiones,
1778 2894 1865 2933 etc.
1886 2889 1980 2932 Re·

422 3015 433 3034 ¹
484 3013 574 3059 Ms.,
584 3012 803 3060 pollicitor.

419 3074 433 3093 2
484 3072 573 3117 Ms.,
589 3072 807 3119 conquaerj
815 3100 822 3108 .

420 3130 435 3150 ³
485 3129 550 3165 Nil
569 3129 757 3177 scriptum
775 3129 815 3166 in
833 3130 901 3166 fol.
926 3130 991 3167 138
1016 3144 1059 3167 v.
