2196 3522
880 242 919 278 ζ8
942 242 1192 279 Novmfflms
1220 241 1320 288 1563·
1855 251 1928 287 449

217 351 221 355 ⁴
289 347 452 398 condo,
477 346 571 390 fare
592 344 798 388 ministro
819 345 866 388 di
887 345 994 400 quel
1014 345 1154 401 luogo
1177 343 1262 388 M.⁰
1279 344 1584 400 Wolfgango,
1603 349 1651 386 et
1666 342 1779 386 darli
1795 343 1927 398 qual-

289 426 375 467 che
395 421 639 475 authorita,
663 423 737 466 nel
758 436 967 479 guuerno
983 421 1357 478 principalmente
1372 420 1479 464 delli
1497 419 1737 476 collegiali,
1762 420 1926 463 subor—

290 500 444 547 dinata
467 506 619 544 tamen
641 499 683 542 al
705 499 833 543 detto
855 506 1028 543 rettore
1053 500 1081 541 ¹.
1114 500 1292 542 Pareua
1319 498 1362 540 al
1391 499 1444 540 P.
1472 496 1711 540 Blissemio
1731 504 1778 540 et
1799 512 1826 540 a
1852 511 1926 541 me

290 579 376 621 che
403 579 467 621 M.
499 576 787 633 Wolfgango
814 575 987 632 poteria
1014 589 1208 632 reggere
1235 574 1405 631 meglio
1433 574 1571 630 quelli
1597 573 1767 617 subditi
1795 587 1927 617 corne

289 661 434 700 rettor
455 654 568 706 loro,
593 667 722 696 come
742 654 887 710 prima
913 654 1089 696 faceua.
1122 652 1370 695 Haurebbe
1397 651 1463 694 lui
1491 650 1729 707 maggiore
1750 653 1926 694 autho-

285 731 375 775 rita
395 730 433 774 si
455 731 520 774 lui
550 732 670 782 fosse
697 730 948 783 sacerdote,
978 729 1010 772 il
1037 730 1122 773 che
1150 730 1242 785 puo
1270 743 1422 772 essere
1450 729 1648 773 secondo
1675 728 1705 770 il
1734 727 1928 785 giuditio

284 808 361 852 del
382 807 616 860 Mathiolo,
642 806 755 864 pur'e
776 821 855 864 per
874 805 945 850 dir
964 820 1113 850 messa
1129 805 1176 848 in
1193 805 1386 862 priuato.
1408 807 1483 857 Et,
1508 805 1634 849 accio
1650 805 1717 848 sia
1734 805 1925 848 liberato

283 884 332 928 di
354 892 515 941 questa
535 884 749 928 infirmita
770 898 868 936 sua,
893 883 924 926 li
945 884 1003 926 da
1025 883 1057 926 il
1078 883 1148 928 Sr.
1175 882 1394 926 Mathiolo
1416 882 1463 925 in
1485 882 1596 925 certi
1629 881 1767 938 tempi
1795 882 1926 936 qual‘

282 963 374 1006 che
401 969 525 1005 certa
552 961 791 1006 medicina.
821 958 1073 1004 Facendosi
1102 966 1280 1016 questo,
1310 959 1411 1004 dice
1439 959 1470 1002 il
1507 958 1747 1003 Blissemio
1778 960 1863 1002 che
1894 957 1925 1000 il

288 1040 342 1082 P.
368 1038 612 1082 Valentino
634 1037 679 1080 in
702 1038 840 1093 molte
861 1051 967 1080 cose
986 1036 1133 1094 potria
1154 1036 1327 1080 aiutare
1348 1035 1380 1078 il
1401 1036 1595 1093 collegio
1617 1050 1700 1079 suo
1730 1035 1777 1078 in
1805 1036 1924 1079 sole—

285 1098 427 1160 citare
448 1115 478 1157 li
500 1114 671 1172 negotii
694 1115 824 1158 fuora
844 1114 890 1157 di
912 1129 1016 1158 casa
1038 1115 1126 1158 alla
1147 1127 1341 1166 camera,
1365 1120 1453 1156 etc.
1486 1113 1532 1155 in
1560 1113 1810 1166 confessar,
1842 1126 1922 1155 su—

287 1192 601 1248 perintendere
622 1191 697 1235 alli
719 1191 853 1244 horti,
879 1198 966 1236 etc.
993 1192 1027 1234 Il
1048 1190 1187 1234 dubio
1208 1189 1352 1247 primo
1379 1191 1563 1246 donque
1594 1191 1619 1233 e
1648 1189 1685 1232 si
1713 1204 1764 1234 se
1792 1182 1923 1246 potra

289 1267 500 1314 ordinare
535 1269 774 1331 sacerdote
810 1268 842 1311 il
877 1269 1176 1325 Wolfgango.
1217 1266 1286 1310 2.⁰
1323 1266 1374 1312 Si
1410 1266 1491 1319 lui,
1531 1267 1725 1318 essendo
1761 1270 1790 1310 ὁ
1826 1281 1922 1310 non

284 1346 481 1389 essendo
502 1347 553 1388 in
573 1347 736 1400 sacris,
759 1345 903 1402 potria
924 1359 1183 1403 guuernare
1212 1344 1243 1387 il
1270 1343 1464 1401 collegio
1492 1358 1629 1396 nouo,
1661 1342 1923 1387 aiutandolo

284 1437 371 1479 pur
391 1422 438 1465 in
460 1437 565 1466 cose
585 1422 806 1476 esteriori,
830 1437 959 1466 come
980 1437 1006 1466 a
1029 1421 1203 1466 riceuer
1224 1421 1238 1464 i
1259 1421 1415 1465 denari
1437 1436 1517 1478 per
1538 1420 1570 1463 il
1590 1420 1706 1463 vitto
1727 1420 1773 1463 di
1795 1434 1920 1463 corn-

284 1500 488 1554 mensali,
508 1507 617 1553 etc.,
637 1500 669 1542 il
686 1502 739 1543 Ρ.
765 1499 1008 1544 Valentino
1029 1513 1157 1543 come
1178 1506 1471 1556 procuratore
1493 1498 1538 1540 in
1556 1511 1661 1541 cose
1683 1496 1919 1554 principali

222 1637 228 1639 „
282 1576 330 1619 di
351 1577 580 1620 ambiduoi
603 1576 750 1633 questi
772 1576 966 1633 collegii.

374 1655 505 1698 Della
526 1653 936 1710 superintendenza
956 1653 1031 1698 del
1058 1659 1200 1696 rettor
1230 1652 1479 1697 viennense
1506 1667 1639 1708 sopra
1667 1651 1697 1693 il
1724 1652 1919 1709 collegio

264 1729 577 1783 tirnauiense,
602 1729 663 1772 mi
685 1744 932 1773 occorrono
953 1729 1135 1774 alchuni
1157 1728 1299 1772 dubii.
1327 1728 1496 1782 Primo,
1522 1744 1579 1771 an
1607 1728 1683 1772 illa
1709 1728 1917 1784 superin-
1964 1730 1968 1735 “

287 1794 519 1851 tendentia
541 1806 627 1850 iarn
650 1808 790 1852 semel
811 1806 1053 1850 commissa
1075 1806 1238 1850 rectori
1260 1805 1380 1849 illius
1408 1805 1589 1862 collegii
1616 1804 1675 1848 sit
1702 1812 1919 1862 perpetua

283 1885 459 1940 (saltem
483 1885 628 1927 donec
649 1891 893 1928 reuocetur
915 1885 971 1927 ab
991 1884 1190 1928 habente
1211 1883 1496 1940 potestatem)
1520 1890 1587 1935 ut,
1614 1882 1792 1938 quoties
1815 1883 1917 1925 lon-

282 1961 388 2018 gius
409 1961 605 2005 absuerit
626 1960 931 2017 prouincialis,
956 1960 1020 2003 illi
1048 1960 1281 2004 incumbat
1302 1959 1690 2016 superintendere,
1722 1959 1833 2002 nihil
1859 1960 1916 2003 de

282 2053 405 2082 nouo
426 2037 489 2080 illi
511 2037 852 2082 committendo.
880 2037 948 2082 2.⁰
972 2039 1213 2094 Quatenus
1235 2052 1284 2081 se
1305 2037 1511 2081 extendit
1527 2036 1613 2079 ista
1629 2036 1916 2093 superinten—

279 2114 450 2169 dentia,
475 2122 520 2160 et
542 2129 660 2170 quae
682 2114 802 2158 illius
823 2114 958 2157 officii
980 2121 1147 2171 partes:
1173 2121 1261 2158 etc.
1296 2115 1364 2157 Ex
1392 2113 1564 2170 regulis
1593 2113 1727 2156 officii
1755 2127 1916 2170 super-

277 2191 555 2235 intendentis
578 2192 767 2235 fortasse
788 2191 943 2235 haberi
965 2191 1130 2248 poterit
1152 2190 1288 2234 huius
1315 2189 1402 2234 2.di
1429 2190 1555 2234 dubii
1577 2190 1758 2255 solutio,
1783 2205 1916 2247 prae-

279 2267 435 2313 sertim'
457 2268 495 2312 si
516 2269 674 2313 eadem
703 2276 772 2312 est
794 2268 906 2311 ratio
927 2267 1330 2324 superintendendi
1352 2267 1396 2310 in
1421 2266 1626 2312 absentia
1648 2275 1693 2311 et
1714 2266 1761 2309 in
1784 2282 1914 2323 prae-

283 2344 444 2398 sentia,
469 2352 515 2390 et
536 2346 593 2388 ad
614 2359 758 2402 aeque
779 2346 921 2388 multa
947 2359 998 2389 se
1024 2344 1242 2388 extendit.
1275 2345 1461 2400 Quanta
1487 2351 1533 2389 et
1561 2358 1678 2399 quae
1706 2350 1773 2388 est
1806 2351 1915 2387 tunc

281 2421 583 2478 dependentia
605 2421 792 2466 rectoris
814 2420 1102 2465 tirnauiensis
1124 2436 1150 2464 a
1171 2435 1255 2464 suo
1275 2420 1559 2477 prouinciali,
1585 2435 1643 2463 an
1666 2421 1829 2465 debeat
1851 2419 1914 2462 illi

282 2498 417 2541 scribi
444 2498 637 2556 singulis
669 2497 1030 2542 hebdomadibus
1066 2498 1124 2542 de
1161 2498 1297 2541 rebus
1334 2497 1444 2551 suis,
1485 2513 1543 2540 an
1580 2512 1688 2542 vero
1719 2496 1914 2540 sufficiat

277 2574 668 2630 superintendenti
689 2575 887 2619 scribere
907 2575 964 2619 de
985 2573 1162 2628 iisdem,
1187 2588 1246 2617 ne
1266 2574 1555 2630 duplicentur
1577 2575 1769 2625 labores,
1796 2587 1913 2616 neue

280 2650 538 2694 suboriatur
565 2651 790 2697 interdum
819 2651 1041 2703 confusio,
1074 2665 1163 2694 vno
1191 2650 1459 2694 aedificante
1488 2658 1534 2695 et
1562 2651 1704 2694 altero
1731 2651 1919 2693 destru-

279 2734 402 2780 ente,
427 2734 515 2770 etc,
725 2711 730 2719 ⁶

368 2805 538 2848 Eadem
559 2804 672 2848 ratio
693 2804 929 2848 dubitandi
951 2804 1130 2849 videtur
1151 2805 1320 2848 habere
1341 2804 1490 2847 locum
1514 2803 1630 2846 inter
1653 2802 1911 2859 prouincia-

276 2880 367 2923 lem
400 2887 446 2925 et
473 2880 935 2936 superintendentem,
966 2888 1192 2936 quatenus
1214 2879 1386 2924 seilicet
1406 2880 1481 2924 hic
1504 2880 1567 2922 illi
1590 2879 1913 2922 subordjnetur

350 2990 356 3007 ¹
411 2986 543 3022 Natal.
579 2997 706 3033 resp.:
732 2987 896 3022 Prouen
916 2987 1099 3034 primero
1123 2987 1159 3022 si
1183 2998 1222 3022 se
1248 2987 1470 3022 emendarci
1495 2986 1718 3028 Valentino,
1739 2984 1914 3020 dcindole

274 3047 414 3081 auisos
430 3047 579 3092 Lanoy,
598 3046 827 3081 tratandole
844 3045 947 3088 bien,
961 3057 987 3092 y
1000 3045 1247 3081 aiudandole
1264 3045 1442 3082 Henrico
1458 3057 1530 3081 con
1547 3045 1680 3079 modo.
