2196 3522
357 299 426 347 584
983 299 1122 335 prsT.
1148 299 1192 334 P.
1220 298 1371 335 NADAL

354 408 491 446 tatem
514 400 792 458 ingrederer,
819 408 909 446 tres
931 415 1096 455 annos;
1127 400 1174 443 in
1204 400 1477 446 Societatem
1504 416 1613 446 vero
1643 407 1876 458 receptus,
1903 416 1988 446 an-

354 477 462 504 num
485 475 590 505 cum
623 475 798 515 mense3
830 461 966 517 idque
993 461 1040 504 in
1067 460 1303 504 rhetoricis
1325 467 1371 504 et
1394 460 1720 518 grammaticis.
1758 461 1852 519 [IV,
1880 472 1982 517 700,

357 532 459 577 704,
481 521 581 580 707]
1010 582 1017 589 ,
1792 578 1802 588 ,
1890 536 1894 540 ’

452 593 492 624 1.
564 581 819 638 Stephanus
840 581 1092 624 Remelzus.
1127 592 1167 623 2.
1189 581 1448 625 Germanus
1464 579 1844 636 hoendengensls,
1865 582 1986 636 quod

333 646 423 688 ,est
453 640 650 685 Sueuiae
679 640 908 697 oppidum.
948 653 1013 684 12.
1047 639 1252 685 Viennae
1279 640 1494 684 Austriae
1521 638 1803 684 examinatus
1836 646 1882 682 et
1911 655 1985 685 re-

355 706 514 756 ceptus
536 714 654 743 anno
683 701 758 744 61.
807 713 876 754 14.
914 702 965 744 In
992 700 1232 744 diaconum
1261 699 1465 744 Viennae
1492 699 1725 743 ordinatus
1753 713 1871 742 anno
1899 700 1975 754 65.

362 771 431 813 17.
472 759 782 803 Humanitatis
809 761 1035 817 professor
1063 759 1305 803 Tirnauiae
1333 774 1413 816 per
1440 773 1630 812 annum,
1662 757 1883 802 Olomutii
1908 772 1989 815 per

357 818 578 872 medium,
608 819 918 876 philosophiae
948 819 1179 862 studiosus
1210 819 1416 863 Viennae
1447 833 1527 875 per
1554 817 1865 863 biennium...
1902 819 1990 863 Per

357 879 555 923 medium
578 894 748 922 annum
770 880 894 923 solus
915 879 963 922 in
985 878 1196 922 eubiculo
1220 878 1304 921 fui.
1337 877 1613 922 Infirmarius
1635 877 1758 931 item,
1783 876 1992 920 nouicio-

359 953 457 981 rum
487 938 719 995 magister,
751 939 1064 982 conuictorum
1093 938 1296 982 minister
1325 938 1388 981 fui
1418 937 1701 982 Viennae...
1739 935 1992 980 Contiona-

359 1005 432 1041 tus
455 1012 556 1040 sum
580 998 836 1051 Tirnauiae,
861 998 1083 1052 Viennae,
1109 997 1327 1053 Olomutij
1341 1033 1348 1040 .
1381 999 1431 1040 In
1452 997 1615 1041 artium
1643 997 1987 1040 baccalaureum

358 1064 595 1113 promotus
611 1072 711 1100 sum
729 1059 765 1101 F
769 1057 942 1114 riburgi
960 1057 1249 1114 Brisgouiae.
1279 1056 1594 1113 Philosophiae
1611 1055 1765 1100 studui
1781 1070 1861 1112 per
1877 1070 1990 1111 qua-

358 1116 613 1161 driennium
636 1124 741 1161 ante
762 1117 1036 1174 ingressum,
1056 1124 1213 1174 postea
1235 1131 1345 1162 uero
1367 1131 1447 1173 per
1467 1116 1716 1161 biennium.
1736 1114 1884 1159 Docui
1901 1117 1989 1159 hu-

358 1176 621 1221 manitatem
643 1177 691 1220 in
713 1177 940 1222 Societate
963 1178 1056 1222 fere
1077 1191 1158 1233 per
1178 1176 1409 1220 biennium
1433 1183 1566 1221 antea
1591 1177 1882 1233 pedagogum
1904 1189 1989 1219 no-

362 1235 520 1279 bilium
544 1235 634 1292 egi.
660 1238 755 1292 [IV,
782 1237 883 1295 703]
1390 1291 1394 1294 ¹

455 1308 492 1339 1.
565 1297 605 1338 T
601 1296 839 1339 heobaldus
860 1297 978 1339 Stoz.
1000 1308 1042 1340 2.
1068 1296 1229 1339 Annos
1250 1302 1385 1339 natus
1407 1294 1586 1340 circiter
1615 1295 1687 1338 28.
1722 1307 1763 1350 3.
1795 1295 1989 1339 Germa-

361 1369 448 1398 nus
471 1355 729 1412 prouinciae
750 1355 994 1412 superioris
1015 1355 1302 1408 Germaniae,
1339 1354 1481 1412 patria
1509 1361 1794 1412 augustanus
1810 1354 1991 1411 proprie

361 1416 783 1460 Zusmerhausen...
816 1416 882 1459 16.
903 1416 1062 1459 Nullas
1085 1414 1388 1473 [probationes
1409 1413 1543 1474 subii]
1566 1421 1743 1471 praeter
1759 1414 1989 1467 exercitia,

359 1473 495 1530 idque
522 1489 602 1531 per
633 1474 821 1531 primam
858 1475 1151 1531 septimanam
1190 1481 1381 1518 tantum.
1428 1486 1494 1529 17.
1535 1476 1585 1518 In
1622 1474 1748 1516 nullo
1777 1471 1994 1530 peculiari

361 1533 509 1577 officio
533 1548 732 1591 unquam
755 1541 1020 1591 occupatus,
1045 1541 1222 1591 praeter
1243 1535 1364 1590 quod
1380 1533 1468 1577 iam
1487 1541 1579 1577 tres
1596 1547 1741 1577 annos
1764 1532 1991 1588 Monachij

361 1593 672 1638 confessiones
694 1594 864 1649 audiui,
889 1608 968 1651 per
996 1609 1165 1638 annum
1192 1593 1344 1638 literas
1372 1607 1559 1650 graecas
1586 1592 1695 1650 legi,
1725 1606 1807 1636 seu
1839 1592 1991 1649 potius

364 1667 548 1709 operam
571 1653 692 1706 dedi,
713 1661 758 1698 et
780 1653 1017 1709 aliquoties
1033 1654 1331 1698 concionatus
1349 1668 1470 1709 sum,
1490 1660 1536 1698 et
1551 1652 1696 1710 primo
1712 1652 1860 1696 medio
1877 1666 1996 1700 anno

366 1712 591 1756 Brixinae.
618 1712 712 1770 [IV,
740 1714 909 1770 713biS]
1016 1751 1019 1754 ,

427 1785 463 1816 1.
537 1773 792 1816 Theodorus
810 1773 1079 1831 [Peltanus].
1102 1785 1143 1816 2.
1165 1774 1312 1817 Natus
1329 1787 1428 1817 sum
1446 1787 1589 1816 annos
1605 1784 1661 1827 34
1677 1777 1756 1816 aut
1774 1785 1799 1827 3
1805 1781 1846 1827 5;
1863 1786 1995 1829 prae-

361 1831 454 1876 cise
476 1846 568 1874 non
589 1832 698 1875 scio.
726 1846 767 1887 3.
795 1834 906 1877 Sum
928 1832 1185 1886 leodiensiS‚
1211 1847 1470 1889 germanus,
1502 1833 1765 1888 peltanus...
1804 1843 1870 1875 12.
1902 1831 1996 1875 Co-

362 1890 511 1936 loniae
534 1906 560 1934 a
582 1893 695 1935 Rev.
723 1894 858 1936 Patre
880 1893 1117 1937 Leonardo
1144 1893 1304 1937 Kessel
1332 1892 1397 1935 fui
1425 1898 1635 1948 receptus
1663 1905 1783 1935 anno
1815 1901 1942 1948 1549,
1968 1906 1995 1934 a

362 1965 453 2006 quo
475 1950 610 1995 etiam
632 1951 698 1994 fui
726 1952 1024 2006 examinatus,
1055 1966 1213 2008 parum
1243 1959 1393 1996 tamen
1422 1958 1594 2005 exacte;
1626 1951 1706 1995 sed
1727 1965 1846 1994 anno
1881 1960 1994 2006 1550

362 2010 566 2054 exactius
588 2012 812 2056 Romae...
846 2024 911 2066 14.
938 2013 1049 2057 Sum
1072 2012 1282 2056 sacerdos
1304 2018 1349 2055 et
1376 2018 1482 2055 ante
1503 2025 1645 2065 annos
1667 2011 1695 2054 6
1720 2011 1731 2032 ¹
1755 2016 1800 2053 et
1821 2024 1876 2053 eo
1897 2025 1995 2053 am-

362 2069 482 2126 plius
504 2070 561 2113 ad
583 2071 884 2115 sacerdotium
906 2078 1189 2127 promotus...
1217 2081 1283 2126 15.
1303 2071 1388 2115 Fui
1405 2071 1451 2114 in
1468 2070 1659 2127 collegio
1674 2083 1860 2114 romano
1876 2084 1996 2112 anno

363 2143 467 2172 cum
490 2129 690 2182 dimidio,
715 2129 759 2173 in
783 2130 1069 2187 neapolitano
1091 2137 1302 2186 quatuor,
1326 2130 1373 2173 in
1395 2129 1727 2187 ingolstadiano
1754 2142 1799 2183 4,
1829 2128 1876 2171 in
1897 2143 1996 2172 mo-

362 2188 597 2233 nachiensi
620 2201 644 2232 2
669 2196 714 2234 et
736 2191 981 2246 amplius...
1013 2202 1079 2245 17.
1106 2190 1226 2235 Noui
1248 2191 1397 2235 colere
1418 2205 1511 2243 rus,
1542 2191 1741 2242 hortum,
1772 2203 1930 2245 parare
1949 2194 1996 2232 et

363 2249 550 2293 reficere
572 2263 705 2292 omne
727 2263 874 2306 genus
897 2251 1167 2303 calceorum,
1193 2257 1238 2293 et
1260 2265 1417 2305 parare
1439 2249 1560 2293 coria
1586 2249 1643 2293 ad
1664 2250 1750 2292 hoc
1780 2260 1995 2292 necessa-

362 2307 443 2360 ria,
470 2322 665 2363 coquere
687 2315 732 2352 et
754 2309 838 2352 alia
860 2309 1136 2353 huiusmodi.
1165 2309 1336 2368 [Sclz]...
1366 2322 1401 2353 1.
1429 2308 1644 2366 Quinque
1666 2314 1843 2351 tantum
1861 2306 1993 2351 annis

361 2367 516 2410 audiui
537 2367 755 2412 lectiones
776 2368 1086 2425 philosophiae
1113 2377 1158 2413 et
1185 2369 1415 2413 literarum
1444 2367 1700 2425 politiorum
1730 2367 1993 2423 priusquam

362 2426 635 2471 Societatem
659 2427 936 2484 ingrederer;
961 2429 1132 2472 interea
1152 2428 1370 2473 lectiones
1391 2428 1571 2483 quidem
1594 2442 1685 2470 non
1716 2426 1841 2470 licuit
1861 2425 1992 2469 audi-

361 2502 426 2538 re,
452 2486 630 2542 priuato
652 2493 803 2531 tamen
824 2487 974 2531 studio
997 2487 1145 2543 aliqua
1165 2503 1246 2544 per
1266 2503 1338 2532 me
1361 2494 1451 2531 tam
1474 2487 1519 2530 in
1548 2485 1828 2543 philosophia
1855 2499 1990 2541 quam
2011 2502 2019 2508 “

362 2545 408 2588 in
433 2546 663 2603 theologia
683 2546 830 2604 legi...
857 2548 898 2590 6.
932 2548 1009 2591 An
1046 2548 1103 2590 ad
1139 2547 1333 2604 aliquem
1361 2547 1554 2604 gradum
1593 2551 1827 2603 promotus
1854 2544 1991 2588 fuerit

362 2606 733 2654 baccalaureatus
755 2606 1066 2652 licentiaturae
1082 2607 1327 2664 magisterij
1352 2613 1430 2650 aut
1447 2607 1722 2650 doctoratus.
1743 2605 1819 2649 Ad
1835 2618 1991 2647 omnes

362 2664 473 2707 istos
511 2666 680 2721 gradus
716 2666 920 2722 promoui
957 2666 1137 2723 publice
1173 2674 1218 2711 et
1244 2666 1449 2724 legitime
1470 2673 1515 2709 et
1543 2665 1590 2708 in
1610 2663 1801 2721 publicis
1829 2663 1992 2709 acadee

362 2723 463 2779 rnijs
496 2723 696 2782 [Mag.]..
729 2738 765 2768 1.
792 2725 1062 2781 Quindecim
1085 2725 1215 2769 annis
1237 2732 1282 2769 et
1303 2725 1511 2782 amplius,
1535 2726 1622 2768 hoc
1649 2730 1734 2777 est,
1761 2729 1855 2767 toto
1878 2729 1992 2766 tem-

362 2798 487 2839 pore,
509 2798 598 2839 quo
611 2784 674 2827 fui
684 2783 730 2826 in
748 2784 990 2838 Societate‚
1006 2785 1139 2829 docui
1156 2785 1203 2828 in
1220 2785 1386 2829 scholis
1403 2799 1645 2841 puerorum
1663 2790 1708 2828 et
1729 2783 1993 2827 adolescen-

363 2843 476 2885 tium
499 2843 676 2887 scholas
698 2850 877 2887 nostras
900 2845 1298 2900 frequentantium.
1326 2847 1523 2888 Tantum
1544 2859 1570 2887 a
1600 2845 1715 2888 festo
1744 2844 1991 2886 Pentecos-

364 2908 432 2946 tes
454 2902 703 2958 praesentis
739 2903 843 2946 anni
880 2904 1015 2947 docui
1051 2904 1340 2961 theologiam.
1379 2903 1553 2948 Literas
1579 2901 1868 2946 humaniores
1889 2913 1992 2943 cum

363 2962 515 3005 fructu
545 2969 590 3006 et
627 2961 819 3006 Vtilitate
852 2962 1007 3007 videor
1028 2963 1089 3007 mi
1119 2978 1253 3021 posse
1281 2965 1498 3007 docere...
1541 2972 1582 3018 5.
1619 2964 1786 3006 Totum
1814 2967 1992 3016 tempus

435 3092 445 3115 ¹
496 3091 584 3127 Non
602 3092 705 3129 clare
723 3091 893 3129 discerni
911 3098 1041 3141 potest
1060 3105 1108 3130 an
1125 3103 1148 3140 5
1167 3095 1230 3131 vel
1249 3094 1272 3131 6
1290 3093 1477 3142 scriptum
1495 3092 1625 3130 fuerit.
