2196 3522
324 253 402 291 610.
935 251 1077 289 prsr.
1109 251 1156 288 Ρ,
1191 250 1342 293 ΝΑοΑι

325 356 446 400 dine:
473 362 518 399 et
541 354 711 412 gratias
738 360 931 410 quantas
959 367 1200 411 possumus
1227 352 1448 398 maximas
1475 354 1640 399 Rev.ae
1668 354 1724 399 V.
1759 353 1953 412 agimus,

324 418 446 472 quod
469 417 526 459 R.
560 417 613 459 P.
645 415 853 459 Natalem
882 415 939 457 ad
966 413 1209 471 collegium
1237 419 1443 457 nostrum
1469 413 1743 458 visitandum
1765 414 1951 459 miserit.

325 479 412 519 Per
434 475 637 531 integras
660 482 751 519 tres
772 474 1046 531 septimanas
1067 474 1188 530 apud
1215 488 1298 517 nos
1319 487 1503 518 manere
1530 473 1744 530 dignatus
1773 482 1857 529 est,
1882 481 1954 518 at—

323 549 411 591 que
433 534 603 578 vtinam
626 533 812 587 diutius3
838 533 1078 590 plurimum
1102 547 1185 576 nos
1205 539 1251 576 et
1278 532 1394 576 iuuit
1424 541 1470 577 et
1497 534 1755 577 consolatus
1776 541 1860 578 est.
1885 533 1971 579 Re'

322 594 419 650 ipsa
439 608 562 637 nunc
584 592 756 649 experti
778 607 935 636 sumus
956 607 1063 637 vere
1080 599 1318 649 paternum
1334 600 1380 636 et
1397 607 1669 649 propensum
1685 592 1826 649 ipsius
1842 608 1953 651 erga

323 653 613 698 Germaniam
635 652 851 696 animum.
878 651 1179 708 Quotidianas
1201 653 1529 709 propemodum
1547 653 1604 696 de
1620 652 1859 697 Societatis
1881 653 1953 696 in-

323 713 482 756 stituto
505 711 747 756 conciones
769 712 826 755 ad
850 714 1008 756 Patres
1037 718 1082 756 et
1112 712 1272 756 fratres
1302 711 1483 765 habuit,
1513 718 1560 756 et
1591 711 1876 756 convictores
1897 714 1955 756 ad

323 771 505 815 virtutis
528 779 573 816 et
594 771 774 839 pietatis
796 771 946 815 studia
967 770 1102 814 etiarn
1122 778 1190 816 est
1211 773 1493 815 exhortatuS.
1528 772 1673 816 Multa
1693 771 1954 828 prudentis-

325 832 439 876 sime
461 831 711 883 constituit,
737 838 782 875 et
805 830 953 874 omnia
976 831 1033 874 ad
1054 830 1268 887 optimam
1291 832 1479 874 formam
1501 830 1693 887 redegit.
1720 831 1851 876 Adeo
1873 845 1956 875 au-

325 898 417 936 tem
440 891 556 935 bene
578 889 736 943 valuit,
761 897 810 934 vt
832 890 1002 935 diceret
1024 904 1073 934 se
1096 897 1191 933 toto
1212 890 1288 934 illo
1313 898 1529 947 tempore,
1555 904 1645 946 quo
1666 891 1724 934 ab
1745 891 1856 934 vrbe
1878 892 1958 934 ab-

326 951 435 1003 fuit,
468 950 631 994 melius
659 964 751 993 non
778 950 995 994 valuisse.
1034 950 1276 1017 Referebat
1308 965 1440 1006 porro
1468 949 1580 993 illud
1611 949 1668 993 ad
1695 949 1960 994 cereuisiam

327 1017 533 1078 nostram
558 1009 878 1054 coloniensem.
904 1010 1040 1053 Certe
1060 1008 1224 1053 eximia
1245 1009 1320 1053 illa
1342 1009 1552 1062 charitas,
1583 1023 1673 1065 qua
1699 1009 1745 1052 in
1766 1023 1960 1054 conuer-

328 1069 502 1114 sionem
525 1068 797 1114 Germaniae
819 1070 978 1123 fertur,
1003 1068 1125 1122 facit,
1150 1076 1199 1111 vt
1220 1068 1363 1125 ipsam
1385 1069 1519 1113 etiam
1538 1083 1857 1126 germanorum
1879 1084 1961 1113 na-

329 1136 477 1172 turam
511 1128 556 1171 in
585 1143 667 1171 sua
698 1135 932 1172 senectute
960 1102 1134 1172 induat.
1166 1129 1207 1172 V
1236 1128 1309 1173 die
1338 1128 1540 1186 Augusti
1578 1143 1658 1185 per
1691 1129 1838 1172 fontes
1864 1129 1960 1173 leo—

329 1188 509 1232 dienses
527 1187 760 1232 Treuerim
777 1202 937 1232 versus
954 1189 1185 1244 profectus
1202 1195 1286 1242 est,
1307 1195 1539 1245 assumpto
1557 1188 1693 1231 fratre
1710 1195 1864 1231 nostro
1879 1189 1960 1246 Ja-

330 1249 447 1292 cobo
470 1247 667 1299 Munsio,
694 1248 779 1290 sub
802 1248 937 1291 finem
960 1246 1080 1290 illius
1109 1247 1276 1291 mensis
1305 1249 1484 1291 futurus
1508 1247 1788 1304 Maguntiae.
1815 1248 1956 1291 Rdus.

331 1310 467 1358 Pater
488 1306 777 1365 prouincialis
799 1322 879 1363 per
901 1322 980 1350 sex
1002 1306 1099 1351 dies
1121 1316 1224 1364 post
1247 1321 1351 1351 eum
1374 1308 1494 1363 apud
1516 1322 1599 1350 nos
1621 1306 1856 1351 remansit.

419 1369 483 1411 M.
509 1366 779 1410 Franciscus
802 1367 1078 1411 Homerolus
1099 1367 1330 1423 profectus
1351 1374 1422 1410 est
1442 1366 1489 1409 in
1511 1366 1719 1423 patriam,
1744 1374 1794 1410 vt
1815 1365 1962 1410 omni-

330 1427 416 1469 bus
439 1426 532 1470 suis
555 1427 690 1469 rebus
713 1425 796 1469 rite
818 1425 1047 1483 dispositis
1068 1440 1171 1469 cum
1202 1427 1264 1470 M.
1285 1428 1494 1484 Johanne
1521 1426 1745 1480 Dionisio,
1777 1428 1840 1470 M.
1865 1427 1962 1470 Ge-

331 1486 463 1529 rardo
500 1487 674 1538 Iseren,
715 1486 954 1530 Theodoro
988 1487 1138 1530 Buseo
1176 1492 1222 1529 et
1253 1487 1462 1543 Johanne
1498 1485 1640 1529 Fabio
1678 1485 1962 1542 Maguntiam

332 1545 451 1589 circa
474 1545 645 1590 exitum
668 1544 918 1601 praesentis
939 1544 1107 1589 mensis
1134 1545 1191 1588 ad
1219 1546 1272 1588 R.
1303 1547 1355 1589 Ρ.
1387 1546 1598 1589 Natalem
1625 1544 1834 1597 veniant,
1857 1544 1964 1589 inde

332 1612 455 1648 recte
477 1607 667 1648 Romam
689 1604 950 1661 profecturi.
978 1603 1054 1649 Sic
1071 1604 1191 1649 enim
1209 1619 1234 1647 a
1251 1606 1304 1648 R.
1328 1607 1384 1648 Ρ.
1412 1604 1562 1649 Natali
1579 1604 1834 1648 ordinatum
1858 1603 1959 1648 fuit.

331 1666 462 1708 Vnus
484 1663 806 1721 discipulorum
829 1679 885 1708 ex
907 1665 1050 1708 classe
1067 1663 1290 1707 rethorica
1311 1663 1358 1708 in
1371 1663 1497 1722 Julio
1519 1665 1576 1707 ad
1593 1664 1865 1709 Societatem
1882 1665 1963 1708 ad-

330 1723 496 1767 missus
517 1730 602 1776 est,
627 1723 810 1767 natione
832 1724 995 1780 gallus,
1025 1738 1245 1767 annorum
1282 1736 1348 1780 19,
1379 1723 1457 1779 qui
1487 1729 1667 1780 peracta
1694 1723 1835 1780 prima
1857 1738 1963 1781 pro-

330 1783 514 1828 batione
550 1797 673 1826 nunc
709 1782 753 1825 in
783 1783 934 1826 culina
964 1789 1185 1826 versatur.
1226 1784 1396 1827 Eodem
1424 1798 1581 1828 mense
1610 1782 1843 1839 discipulis
1878 1798 1963 1826 no-

331 1843 436 1886 stris
458 1842 657 1899 assumpi
679 1849 786 1885 sunt
809 1843 881 1897 36,
906 1849 985 1885 aut
1007 1843 1158 1898 plures
1180 1842 1330 1886 etiam.
1358 1844 1415 1886 Et
1435 1842 1560 1886 venit
1588 1843 1645 1885 ad
1674 1857 1757 1886 nos
1779 1842 1962 1898 quidam

331 1902 496 1946 missus
524 1917 550 1945 a
579 1908 755 1947 rectore
782 1901 958 1958 collegii
991 1901 1132 1945 nostri
1164 1901 1442 1958 maguntini,
1474 1901 1551 1958 qui
1583 1916 1662 1958 per
1694 1917 1837 1946 annos
1871 1908 1963 1946 tres

333 1961 701 2005 concionatorem
724 1968 882 2018 egerat
908 1962 1197 2006 lutheranum
1219 1961 1266 2004 in
1287 1961 1536 2018 palatinatu
1558 1961 1722 2015 Rheni,
1747 1961 1864 2006 inter
1885 1963 1963 2005 he-

334 2021 499 2066 reticos
531 2028 666 2064 natus
692 2027 738 2064 et
765 2022 986 2064 educatus
1017 2021 1184 2074 fuerat,
1216 2021 1293 2077 qui
1315 2028 1497 2077 propter
1518 2023 1667 2064 Deum
1700 2020 1747 2064 in
1778 2022 1963 2064 domum

334 2080 646 2124 convictorum
675 2095 701 2123 a
728 2080 862 2124 nobis
888 2086 1097 2136 receptus
1124 2087 1170 2124 et
1196 2080 1391 2125 heresim
1420 2095 1600 2125 omnem
1637 2079 1879 2134 abiurauit‚
1919 2087 1965 2124 et

334 2147 490 2197 postea
527 2141 761 2183 consessus
797 2146 882 2192 est,
914 2146 959 2184 et
986 2139 1033 2182 in
1053 2140 1176 2183 sesto
1213 2139 1533 2196 assumptionis
1568 2139 1727 2184 beatae
1761 2139 1965 2197 Virginis

334 2199 658 2243 catholicorum
687 2213 811 2244 more
839 2198 1206 2252 communicauit,
1231 2198 1277 2242 id
1298 2200 1420 2255 quod
1447 2213 1680 2255 nunquam
1702 2199 1748 2242 in
1768 2199 1967 2243 vita'sua

335 2260 523 2304 fecerat.
571 2260 715 2314 Spero
752 2258 882 2302 breui
918 2260 1191 2315 perducetur
1227 2259 1284 2302 ad
1320 2258 1552 2304 exercitia.
1601 2259 1729 2303 Haec
1770 2259 1966 2316 paucula

336 2321 390 2362 R.
396 2318 468 2353 dae
492 2321 548 2362 Ρ
581 2320 642 2362 V.
674 2319 938 2371 offerentes,
969 2317 1138 2362 sanctis
1165 2317 1397 2362 sacrificiis
1423 2325 1470 2362 et
1494 2317 1774 2363 orationibus
1803 2317 1965 2363 vestris

337 2377 543 2422 adiuuari
563 2377 792 2421 humiliter
819 2378 1028 2434 petimus.

425 2437 655 2491 Coloniae,
686 2438 738 2481 16
759 2437 961 2495 Augusti
988 2438 1113 2493 1562.

339 2591 557 2638 epistolam,
575 2592 667 2629 licet
683 2603 759 2628 non
777 2592 982 2638 integram,
1008 2591 1130 2628 edidit
1154 2603 1203 2627 ex
1222 2591 1359 2628 eodem
1383 2591 1517 2628 codice
1541 2592 1755 2628 coloniensi
1773 2593 1966 2639 HANSEN‚

339 2640 418 2675 loe.
440 2640 510 2676 cit.
522 2651 635 2687 ,.429
660 2641 962 2694 Transumptum
985 2639 1048 2676 hic
1066 2639 1284 2676 exhibitum
1302 2651 1324 2675 a
1342 2640 1454 2676 nobis
1472 2640 1658 2677 Coloniae
1682 2652 1771 2677 cum
1789 2641 1968 2688 exemplo

340 2688 570 2726 Kesseliano
587 2689 770 2725 collatum
787 2687 874 2725 fuit.
895 2687 995 2726 Vide
1013 2699 1142 2736 supra,
1162 2698 1252 2736 pag.
1275 2696 1356 2734 104.

2184 3129 2196 3255 -.J-...nst
2186 3108 2188 3112 ⁷
2179 3079 2188 3090 ¹<

2184 3398 2196 3470 :dli—Am
2179 3329 2196 3380 sam„
2192 3279 2196 3320 .....
2192 3259 2196 3270 -
