<?xml version="1.0" encoding="UTF-8"?>
<!DOCTYPE html PUBLIC "-//W3C//DTD XHTML 1.0 Transitional//EN"
    "http://www.w3.org/TR/xhtml1/DTD/xhtml1-transitional.dtd">
<html xmlns="http://www.w3.org/1999/xhtml" xml:lang="en" lang="en">
 <head>
  <title>
</title>
<meta http-equiv="Content-Type" content="text/html;charset=utf-8" />
  <meta name='ocr-system' content='tesseract 3.04.00' />
  <meta name='ocr-capabilities' content='ocr_page ocr_carea ocr_par ocr_line ocrx_word'/>
</head>
<body>
  <div class='ocr_page' id='page_1' title='image "./epistolaephieron02nadauoft_0034.png"; bbox 0 0 2196 3522; ppageno 0'>
   <div class='ocr_carea' id='block_1_1' title="bbox 321 261 1406 301">
    <p class='ocr_par' dir='ltr' id='par_1_1' title="bbox 321 261 1406 301">
     <span class='ocr_line' id='line_1_1' title="bbox 321 261 1406 301; baseline 0.004 -7"><span class='ocrx_word' id='word_1_1' title='bbox 321 265 345 301; x_wconf 82' lang='grc'><strong>8</strong></span> <span class='ocrx_word' id='word_1_2' title='bbox 898 262 942 296; x_wconf 92' lang='lat' dir='ltr'>P.</span> <span class='ocrx_word' id='word_1_3' title='bbox 971 261 1158 297; x_wconf 75' lang='lat' dir='ltr'>NATALrs</span> <span class='ocrx_word' id='word_1_4' title='bbox 1184 261 1406 298; x_wconf 76' lang='lat' dir='ltr'>EPHEMER.</span> 
     </span>
    </p>
   </div>
   <div class='ocr_carea' id='block_1_2' title="bbox 291 362 1992 2888">
    <p class='ocr_par' dir='ltr' id='par_1_2' title="bbox 291 362 1992 2888">
     <span class='ocr_line' id='line_1_2' title="bbox 321 362 1967 420; baseline -0.002 -9"><span class='ocrx_word' id='word_1_5' title='bbox 321 368 380 411; x_wconf 91' lang='lat' dir='ltr'>ad</span> <span class='ocrx_word' id='word_1_6' title='bbox 404 365 627 409; x_wconf 91' lang='lat' dir='ltr'>visitanda</span> <span class='ocrx_word' id='word_1_7' title='bbox 644 364 839 420; x_wconf 82' lang='lat' dir='ltr'>collegia</span> <span class='ocrx_word' id='word_1_8' title='bbox 856 362 1008 406; x_wconf 90' lang='lat' dir='ltr'>omnia</span> <span class='ocrx_word' id='word_1_9' title='bbox 1026 363 1084 406; x_wconf 90' lang='lat' dir='ltr'>ad</span> <span class='ocrx_word' id='word_1_10' title='bbox 1100 362 1398 419; x_wconf 83' lang='lat' dir='ltr'>publicandas</span> <span class='ocrx_word' id='word_1_11' title='bbox 1415 379 1467 408; x_wconf 92' lang='lat' dir='ltr'>ac</span> <span class='ocrx_word' id='word_1_12' title='bbox 1484 363 1778 410; x_wconf 89' lang='lat' dir='ltr'>declarandas</span> <span class='ocrx_word' id='word_1_13' title='bbox 1795 363 1967 408; x_wconf 89' lang='lat' dir='ltr'>consti-</span> 
     </span>
     <span class='ocr_line' id='line_1_3' title="bbox 322 439 1964 498; baseline -0.002 -12"><span class='ocrx_word' id='word_1_14' title='bbox 322 443 525 487; x_wconf 90' lang='lat' dir='ltr'>tutiones</span> <span class='ocrx_word' id='word_1_15' title='bbox 547 441 805 494; x_wconf 90' lang='lat' dir='ltr'>Societatis,</span> <span class='ocrx_word' id='word_1_16' title='bbox 831 440 1016 496; x_wconf 91' lang='lat' dir='ltr'>regulas</span> <span class='ocrx_word' id='word_1_17' title='bbox 1039 440 1462 494; x_wconf 91' lang='lat' dir='ltr'>accommodandas,</span> <span class='ocrx_word' id='word_1_18' title='bbox 1488 455 1541 486; x_wconf 91' lang='lat' dir='ltr'>ac</span> <span class='ocrx_word' id='word_1_19' title='bbox 1563 440 1786 485; x_wconf 88' lang='lat' dir='ltr'>rationem</span> <span class='ocrx_word' id='word_1_20' title='bbox 1808 439 1964 498; x_wconf 91' lang='lat' dir='ltr'>proui-</span> 
     </span>
     <span class='ocr_line' id='line_1_4' title="bbox 322 516 1959 575; baseline -0.001 -12"><span class='ocrx_word' id='word_1_21' title='bbox 322 519 461 564; x_wconf 92' lang='lat' dir='ltr'>sionis</span> <span class='ocrx_word' id='word_1_22' title='bbox 483 517 659 575; x_wconf 90' lang='lat' dir='ltr'>collegij</span> <span class='ocrx_word' id='word_1_23' title='bbox 684 516 858 561; x_wconf 90' lang='lat' dir='ltr'>romani</span> <span class='ocrx_word' id='word_1_24' title='bbox 886 516 1230 573; x_wconf 88' lang='lat' dir='ltr'>expediendam:</span> <span class='ocrx_word' id='word_1_25' title='bbox 1256 517 1548 562; x_wconf 83' lang='lat' dir='ltr'>laborabatur</span> <span class='ocrx_word' id='word_1_26' title='bbox 1580 517 1700 563; x_wconf 89' lang='lat' dir='ltr'>enim</span> <span class='ocrx_word' id='word_1_27' title='bbox 1722 517 1855 575; x_wconf 91' lang='lat' dir='ltr'>graui</span> <span class='ocrx_word' id='word_1_28' title='bbox 1875 531 1959 575; x_wconf 89' lang='lat' dir='ltr'>pe-</span> 
     </span>
     <span class='ocr_line' id='line_1_5' title="bbox 321 593 1957 651; baseline -0.001 -12"><span class='ocrx_word' id='word_1_29' title='bbox 321 595 453 640; x_wconf 92' lang='lat' dir='ltr'>nuria</span> <span class='ocrx_word' id='word_1_30' title='bbox 473 595 518 638; x_wconf 93' lang='lat' dir='ltr'>in</span> <span class='ocrx_word' id='word_1_31' title='bbox 542 594 751 651; x_wconf 90' lang='lat' dir='ltr'>collegio,</span> <span class='ocrx_word' id='word_1_32' title='bbox 776 601 822 638; x_wconf 92' lang='lat' dir='ltr'>et</span> <span class='ocrx_word' id='word_1_33' title='bbox 844 593 992 637; x_wconf 90' lang='lat' dir='ltr'>alieno</span> <span class='ocrx_word' id='word_1_34' title='bbox 1009 608 1112 637; x_wconf 91' lang='lat' dir='ltr'>aere</span> <span class='ocrx_word' id='word_1_35' title='bbox 1133 608 1226 638; x_wconf 93' lang='lat' dir='ltr'>non</span> <span class='ocrx_word' id='word_1_36' title='bbox 1242 594 1436 638; x_wconf 89' lang='lat' dir='ltr'>modico.</span> <span class='ocrx_word' id='word_1_37' title='bbox 1459 594 1688 640; x_wconf 88' lang='lat' dir='ltr'>Professio</span> <span class='ocrx_word' id='word_1_38' title='bbox 1705 596 1764 639; x_wconf 89' lang='lat' dir='ltr'>D.</span> <span class='ocrx_word' id='word_1_39' title='bbox 1785 593 1957 639; x_wconf 91' lang='lat' dir='ltr'>Ollaui.</span> 
     </span>
     <span class='ocr_line' id='line_1_6' title="bbox 323 662 1958 729; baseline 0 -14"><span class='ocrx_word' id='word_1_40' title='bbox 323 673 402 717; x_wconf 70' lang='lat'>34</span> <span class='ocrx_word' id='word_1_41' title='bbox 427 672 533 716; x_wconf 88' lang='lat' dir='ltr'>Fuit</span> <span class='ocrx_word' id='word_1_42' title='bbox 555 672 601 715; x_wconf 91' lang='lat' dir='ltr'>in</span> <span class='ocrx_word' id='word_1_43' title='bbox 624 670 846 727; x_wconf 85' lang='lat' dir='ltr'>Hispania</span> <span class='ocrx_word' id='word_1_44' title='bbox 869 670 1044 715; x_wconf 88' lang='lat' dir='ltr'>Natalis</span> <span class='ocrx_word' id='word_1_45' title='bbox 1073 671 1124 714; x_wconf 89' lang='lat'>16</span> <span class='ocrx_word' id='word_1_46' title='bbox 1141 685 1337 715; x_wconf 90' lang='lat' dir='ltr'>menses:</span> <span class='ocrx_word' id='word_1_47' title='bbox 1363 662 1568 716; x_wconf 80' lang='lat' dir='ltr'>visitauit</span> <span class='ocrx_word' id='word_1_48' title='bbox 1585 671 1776 729; x_wconf 88' lang='lat' dir='ltr'>collegia</span> <span class='ocrx_word' id='word_1_49' title='bbox 1792 670 1958 715; x_wconf 89' lang='lat' dir='ltr'>omnia:</span> 
     </span>
     <span class='ocr_line' id='line_1_7' title="bbox 324 747 1960 806; baseline 0 -14"><span class='ocrx_word' id='word_1_50' title='bbox 324 748 675 793; x_wconf 81' lang='lat' dir='ltr'>constitutiones</span> <span class='ocrx_word' id='word_1_51' title='bbox 711 747 1036 805; x_wconf 91' lang='lat' dir='ltr'>promulgauit,</span> <span class='ocrx_word' id='word_1_52' title='bbox 1063 762 1116 791; x_wconf 90' lang='lat' dir='ltr'>ac</span> <span class='ocrx_word' id='word_1_53' title='bbox 1152 748 1404 793; x_wconf 90' lang='lat' dir='ltr'>declarauit</span> <span class='ocrx_word' id='word_1_54' title='bbox 1430 749 1476 792; x_wconf 92' lang='lat' dir='ltr'>in</span> <span class='ocrx_word' id='word_1_55' title='bbox 1506 748 1718 793; x_wconf 91' lang='lat' dir='ltr'>omnibus</span> <span class='ocrx_word' id='word_1_56' title='bbox 1739 747 1960 806; x_wconf 84' lang='lat' dir='ltr'>collegiis:</span> 
     </span>
     <span class='ocr_line' id='line_1_8' title="bbox 326 824 1966 884; baseline 0.001 -15"><span class='ocrx_word' id='word_1_57' title='bbox 326 827 511 884; x_wconf 90' lang='lat' dir='ltr'>regulas</span> <span class='ocrx_word' id='word_1_58' title='bbox 542 840 750 869; x_wconf 88' lang='lat' dir='ltr'>romanas</span> <span class='ocrx_word' id='word_1_59' title='bbox 782 824 868 868; x_wconf 90' lang='lat' dir='ltr'>illis</span> <span class='ocrx_word' id='word_1_60' title='bbox 906 825 1112 883; x_wconf 79' lang='lat' dir='ltr'>collegijs</span> <span class='ocrx_word' id='word_1_61' title='bbox 1150 826 1533 871; x_wconf 88' lang='lat' dir='ltr'>accommodauit:</span> <span class='ocrx_word' id='word_1_62' title='bbox 1558 826 1802 870; x_wconf 90' lang='lat' dir='ltr'>nonnullas</span> <span class='ocrx_word' id='word_1_63' title='bbox 1833 840 1966 883; x_wconf 91' lang='lat' dir='ltr'>prae—</span> 
     </span>
     <span class='ocr_line' id='line_1_9' title="bbox 326 902 1968 958; baseline -0.001 -11"><span class='ocrx_word' id='word_1_64' title='bbox 326 910 450 947; x_wconf 89' lang='lat' dir='ltr'>terea</span> <span class='ocrx_word' id='word_1_65' title='bbox 470 903 658 956; x_wconf 87' lang='lat' dir='ltr'>addidit,</span> <span class='ocrx_word' id='word_1_66' title='bbox 683 917 799 958; x_wconf 86' lang='lat' dir='ltr'>quae</span> <span class='ocrx_word' id='word_1_67' title='bbox 816 902 1088 947; x_wconf 89' lang='lat' dir='ltr'>videbantur</span> <span class='ocrx_word' id='word_1_68' title='bbox 1104 903 1388 948; x_wconf 68' lang='lat' dir='ltr'>necessariae</span> <span class='ocrx_word' id='word_1_69' title='bbox 1405 910 1483 947; x_wconf 91' lang='lat' dir='ltr'>aut</span> <span class='ocrx_word' id='word_1_70' title='bbox 1500 903 1634 948; x_wconf 90' lang='lat' dir='ltr'>vtiles</span> <span class='ocrx_word' id='word_1_71' title='bbox 1652 904 1849 948; x_wconf 82' lang='lat' dir='ltr'>futurae.</span> <span class='ocrx_word' id='word_1_72' title='bbox 1871 904 1968 946; x_wconf 86' lang='lat' dir='ltr'>Ex-</span> 
     </span>
     <span class='ocr_line' id='line_1_10' title="bbox 327 980 1970 1038; baseline -0.001 -13"><span class='ocrx_word' id='word_1_73' title='bbox 327 980 480 1037; x_wconf 88' lang='lat' dir='ltr'>pedita</span> <span class='ocrx_word' id='word_1_74' title='bbox 515 988 585 1025; x_wconf 90' lang='lat' dir='ltr'>est</span> <span class='ocrx_word' id='word_1_75' title='bbox 622 980 820 1037; x_wconf 90' lang='lat' dir='ltr'>prouisio</span> <span class='ocrx_word' id='word_1_76' title='bbox 858 980 1036 1038; x_wconf 89' lang='lat' dir='ltr'>collegij</span> <span class='ocrx_word' id='word_1_77' title='bbox 1080 980 1271 1033; x_wconf 89' lang='lat' dir='ltr'>romani,</span> <span class='ocrx_word' id='word_1_78' title='bbox 1314 980 1542 1038; x_wconf 90' lang='lat' dir='ltr'>missaque</span> <span class='ocrx_word' id='word_1_79' title='bbox 1571 983 1763 1025; x_wconf 87' lang='lat' dir='ltr'>Romam</span> <span class='ocrx_word' id='word_1_80' title='bbox 1800 981 1859 1024; x_wconf 90' lang='lat' dir='ltr'>ad</span> <span class='ocrx_word' id='word_1_81' title='bbox 1889 994 1970 1026; x_wconf 86' lang='lat' dir='ltr'>sex</span> 
     </span>
     <span class='ocr_line' id='line_1_11' title="bbox 326 1046 1969 1115; baseline 0.002 -15"><span class='ocrx_word' id='word_1_82' title='bbox 326 1057 465 1101; x_wconf 90' lang='lat' dir='ltr'>millia</span> <span class='ocrx_word' id='word_1_83' title='bbox 487 1054 743 1101; x_wconf 79' lang='lat' dir='ltr'>aureorum.</span> <span class='ocrx_word' id='word_1_84' title='bbox 777 1059 812 1101; x_wconf 93' lang='lat' dir='ltr'>F</span> <span class='ocrx_word' id='word_1_85' title='bbox 819 1058 987 1101; x_wconf 89' lang='lat' dir='ltr'>undata</span> <span class='ocrx_word' id='word_1_86' title='bbox 1015 1059 1178 1101; x_wconf 92' lang='lat' dir='ltr'>domus</span> <span class='ocrx_word' id='word_1_87' title='bbox 1206 1073 1298 1103; x_wconf 88' lang='lat' dir='ltr'>vna</span> <span class='ocrx_word' id='word_1_88' title='bbox 1320 1059 1541 1115; x_wconf 87' lang='lat' dir='ltr'>professa,</span> <span class='ocrx_word' id='word_1_89' title='bbox 1567 1046 1730 1102; x_wconf 90' lang='lat' dir='ltr'>domus</span> <span class='ocrx_word' id='word_1_90' title='bbox 1751 1072 1842 1102; x_wconf 90' lang='lat' dir='ltr'>vna</span> <span class='ocrx_word' id='word_1_91' title='bbox 1862 1072 1969 1115; x_wconf 90' lang='lat' dir='ltr'>pro-</span> 
     </span>
     <span class='ocr_line' id='line_1_12' title="bbox 326 1134 1970 1192; baseline 0.001 -15"><span class='ocrx_word' id='word_1_92' title='bbox 326 1134 539 1188; x_wconf 88' lang='lat' dir='ltr'>bationis,</span> <span class='ocrx_word' id='word_1_93' title='bbox 560 1135 753 1192; x_wconf 89' lang='lat' dir='ltr'>collegia</span> <span class='ocrx_word' id='word_1_94' title='bbox 774 1142 969 1192; x_wconf 87' lang='lat' dir='ltr'>quatuor</span> <span class='ocrx_word' id='word_1_95' title='bbox 986 1135 1213 1189; x_wconf 89' lang='lat' dir='ltr'>inchoata,</span> <span class='ocrx_word' id='word_1_96' title='bbox 1234 1150 1376 1179; x_wconf 91' lang='lat' dir='ltr'>vnum</span> <span class='ocrx_word' id='word_1_97' title='bbox 1393 1136 1616 1189; x_wconf 90' lang='lat' dir='ltr'>dotatum,</span> <span class='ocrx_word' id='word_1_98' title='bbox 1636 1150 1778 1179; x_wconf 91' lang='lat' dir='ltr'>vnum</span> <span class='ocrx_word' id='word_1_99' title='bbox 1796 1135 1970 1179; x_wconf 91' lang='lat' dir='ltr'>consti-</span> 
     </span>
     <span class='ocr_line' id='line_1_13' title="bbox 333 1211 1968 1270; baseline 0.001 -16"><span class='ocrx_word' id='word_1_100' title='bbox 333 1219 505 1266; x_wconf 90' lang='lat' dir='ltr'>tutum,</span> <span class='ocrx_word' id='word_1_101' title='bbox 545 1213 737 1257; x_wconf 90' lang='lat' dir='ltr'>alterum</span> <span class='ocrx_word' id='word_1_102' title='bbox 782 1213 1041 1256; x_wconf 86' lang='lat' dir='ltr'>adauctum.</span> <span class='ocrx_word' id='word_1_103' title='bbox 1083 1213 1338 1257; x_wconf 88' lang='lat' dir='ltr'>Conficitur</span> <span class='ocrx_word' id='word_1_104' title='bbox 1374 1212 1619 1270; x_wconf 84' lang='lat' dir='ltr'>negocium</span> <span class='ocrx_word' id='word_1_105' title='bbox 1657 1212 1885 1257; x_wconf 88' lang='lat' dir='ltr'>missionis</span> <span class='ocrx_word' id='word_1_106' title='bbox 1920 1211 1968 1256; x_wconf 93' lang='lat' dir='ltr'>in</span> 
     </span>
     <span class='ocr_line' id='line_1_14' title="bbox 333 1288 1966 1350; baseline 0.001 -19"><span class='ocrx_word' id='word_1_107' title='bbox 333 1288 638 1346; x_wconf 85' lang='lat' dir='ltr'>Aethiopiam:</span> <span class='ocrx_word' id='word_1_108' title='bbox 663 1289 815 1347; x_wconf 88' lang='lat' dir='ltr'>agitur</span> <span class='ocrx_word' id='word_1_109' title='bbox 836 1291 894 1335; x_wconf 90' lang='lat' dir='ltr'>de</span> <span class='ocrx_word' id='word_1_110' title='bbox 915 1290 1109 1348; x_wconf 91' lang='lat' dir='ltr'>collegio</span> <span class='ocrx_word' id='word_1_111' title='bbox 1131 1290 1261 1348; x_wconf 89' lang='lat' dir='ltr'>regio</span> <span class='ocrx_word' id='word_1_112' title='bbox 1285 1289 1502 1350; x_wconf 80' lang='lat' dir='ltr'>Societati</span> <span class='ocrx_word' id='word_1_113' title='bbox 1526 1290 1809 1348; x_wconf 89' lang='lat' dir='ltr'>applicando.</span> <span class='ocrx_word' id='word_1_114' title='bbox 1836 1289 1966 1334; x_wconf 92' lang='lat' dir='ltr'>Diui-</span> 
     </span>
     <span class='ocr_line' id='line_1_15' title="bbox 291 1365 1973 1426; baseline 0.001 -18"><span class='ocrx_word' id='word_1_115' title='bbox 291 1380 297 1385; x_wconf 54' lang='lat'>*</span> <span class='ocrx_word' id='word_1_116' title='bbox 331 1366 390 1409; x_wconf 92' lang='lat' dir='ltr'>sit</span> <span class='ocrx_word' id='word_1_117' title='bbox 412 1365 680 1423; x_wconf 87' lang='lat' dir='ltr'>Hispaniam</span> <span class='ocrx_word' id='word_1_118' title='bbox 703 1374 859 1422; x_wconf 91' lang='lat' dir='ltr'>totam,</span> <span class='ocrx_word' id='word_1_119' title='bbox 890 1367 897 1426; x_wconf 91' lang='grc' dir='ltr'>Ι</span> <span class='ocrx_word' id='word_1_120' title='bbox 924 1367 1108 1425; x_wconf 90' lang='lat' dir='ltr'>speciali</span> <span class='ocrx_word' id='word_1_121' title='bbox 1131 1367 1470 1423; x_wconf 90' lang='lat' dir='ltr'>commissione,</span> <span class='ocrx_word' id='word_1_122' title='bbox 1496 1367 1544 1412; x_wconf 92' lang='lat' dir='ltr'>in</span> <span class='ocrx_word' id='word_1_123' title='bbox 1566 1374 1762 1425; x_wconf 91' lang='lat' dir='ltr'>quatuor</span> <span class='ocrx_word' id='word_1_124' title='bbox 1783 1366 1973 1424; x_wconf 91' lang='lat' dir='ltr'>prouin-</span> 
     </span>
     <span class='ocr_line' id='line_1_16' title="bbox 332 1443 1972 1502; baseline 0.001 -16"><span class='ocrx_word' id='word_1_125' title='bbox 332 1443 442 1487; x_wconf 88' lang='lat' dir='ltr'>cias:</span> <span class='ocrx_word' id='word_1_126' title='bbox 468 1444 811 1501; x_wconf 90' lang='lat' dir='ltr'>Portugalliam,</span> <span class='ocrx_word' id='word_1_127' title='bbox 851 1445 1126 1498; x_wconf 92' lang='lat' dir='ltr'>Castelliam,</span> <span class='ocrx_word' id='word_1_128' title='bbox 1171 1445 1434 1490; x_wconf 89' lang='lat' dir='ltr'>Baethicam</span> <span class='ocrx_word' id='word_1_129' title='bbox 1460 1452 1507 1490; x_wconf 91' lang='lat' dir='ltr'>et</span> <span class='ocrx_word' id='word_1_130' title='bbox 1535 1444 1832 1502; x_wconf 90' lang='lat' dir='ltr'>Aragoniam:</span> <span class='ocrx_word' id='word_1_131' title='bbox 1865 1458 1972 1501; x_wconf 39' lang='lat' dir='ltr'>pro*</span> 
     </span>
     <span class='ocr_line' id='line_1_17' title="bbox 334 1520 1974 1579; baseline 0.001 -17"><span class='ocrx_word' id='word_1_132' title='bbox 334 1520 564 1563; x_wconf 91' lang='lat' dir='ltr'>nuntiauit</span> <span class='ocrx_word' id='word_1_133' title='bbox 586 1521 906 1577; x_wconf 89' lang='lat' dir='ltr'>prouinciales,</span> <span class='ocrx_word' id='word_1_134' title='bbox 934 1523 1242 1579; x_wconf 83' lang='lat' dir='ltr'>Portugalliae</span> <span class='ocrx_word' id='word_1_135' title='bbox 1266 1524 1449 1567; x_wconf 89' lang='lat' dir='ltr'>Patrem</span> <span class='ocrx_word' id='word_1_136' title='bbox 1467 1522 1709 1576; x_wconf 89' lang='lat' dir='ltr'>Mironem,</span> <span class='ocrx_word' id='word_1_137' title='bbox 1731 1520 1974 1567; x_wconf 88' lang='lat' dir='ltr'>Castelliae</span> 
     </span>
     <span class='ocr_line' id='line_1_18' title="bbox 338 1598 1975 1656; baseline 0.001 -16"><span class='ocrx_word' id='word_1_138' title='bbox 338 1599 519 1641; x_wconf 90' lang='lat' dir='ltr'>Patrem</span> <span class='ocrx_word' id='word_1_139' title='bbox 536 1598 795 1652; x_wconf 90' lang='lat' dir='ltr'>Araosium,</span> <span class='ocrx_word' id='word_1_140' title='bbox 817 1599 1060 1644; x_wconf 85' lang='lat' dir='ltr'>Baethicae</span> <span class='ocrx_word' id='word_1_141' title='bbox 1082 1602 1263 1644; x_wconf 88' lang='lat' dir='ltr'>Patrem</span> <span class='ocrx_word' id='word_1_142' title='bbox 1282 1601 1487 1654; x_wconf 84' lang='lat' dir='ltr'>Torrem,</span> <span class='ocrx_word' id='word_1_143' title='bbox 1508 1598 1771 1656; x_wconf 88' lang='lat' dir='ltr'>Aragoniae</span> <span class='ocrx_word' id='word_1_144' title='bbox 1791 1601 1975 1644; x_wconf 86' lang='lat' dir='ltr'>Patrem</span> 
     </span>
     <span class='ocr_line' id='line_1_19' title="bbox 335 1673 1975 1734; baseline 0.001 -16"><span class='ocrx_word' id='word_1_145' title='bbox 335 1673 582 1728; x_wconf 90' lang='lat' dir='ltr'>Stradium;</span> <span class='ocrx_word' id='word_1_146' title='bbox 614 1676 969 1720; x_wconf 90' lang='lat' dir='ltr'>commissarium</span> <span class='ocrx_word' id='word_1_147' title='bbox 1007 1692 1114 1721; x_wconf 91' lang='lat' dir='ltr'>vero</span> <span class='ocrx_word' id='word_1_148' title='bbox 1143 1678 1404 1734; x_wconf 83' lang='lat' dir='ltr'>generalem</span> <span class='ocrx_word' id='word_1_149' title='bbox 1431 1676 1478 1720; x_wconf 92' lang='lat' dir='ltr'>in</span> <span class='ocrx_word' id='word_1_150' title='bbox 1509 1683 1604 1721; x_wconf 90' lang='lat' dir='ltr'>tota</span> <span class='ocrx_word' id='word_1_151' title='bbox 1633 1675 1856 1733; x_wconf 90' lang='lat' dir='ltr'>Hispania</span> <span class='ocrx_word' id='word_1_152' title='bbox 1884 1677 1975 1720; x_wconf 87' lang='lat' dir='ltr'>Pa—</span> 
     </span>
     <span class='ocr_line' id='line_1_20' title="bbox 337 1752 1973 1810; baseline 0.002 -17"><span class='ocrx_word' id='word_1_153' title='bbox 337 1757 452 1795; x_wconf 88' lang='lat' dir='ltr'>trem</span> <span class='ocrx_word' id='word_1_154' title='bbox 474 1752 511 1795; x_wconf 94' lang='lat' dir='ltr'><strong>F</strong></span> <span class='ocrx_word' id='word_1_155' title='bbox 513 1752 783 1805; x_wconf 89' lang='lat' dir='ltr'>ranciscum,</span> <span class='ocrx_word' id='word_1_156' title='bbox 809 1754 939 1797; x_wconf 94' lang='lat' dir='ltr'>cuius</span> <span class='ocrx_word' id='word_1_157' title='bbox 961 1755 1208 1798; x_wconf 89' lang='lat' dir='ltr'>auctoritas</span> <span class='ocrx_word' id='word_1_158' title='bbox 1230 1754 1277 1798; x_wconf 90' lang='lat' dir='ltr'>in</span> <span class='ocrx_word' id='word_1_159' title='bbox 1293 1754 1504 1798; x_wconf 90' lang='lat' dir='ltr'>omnibus</span> <span class='ocrx_word' id='word_1_160' title='bbox 1520 1753 1638 1797; x_wconf 87' lang='lat' dir='ltr'>iuuit</span> <span class='ocrx_word' id='word_1_161' title='bbox 1654 1752 1858 1810; x_wconf 89' lang='lat' dir='ltr'>inprimis</span> <span class='ocrx_word' id='word_1_162' title='bbox 1876 1753 1973 1797; x_wconf 88' lang='lat' dir='ltr'>Na-</span> 
     </span>
     <span class='ocr_line' id='line_1_21' title="bbox 337 1828 1973 1889; baseline 0.002 -19"><span class='ocrx_word' id='word_1_163' title='bbox 337 1828 488 1881; x_wconf 80' lang='lat' dir='ltr'>talem.</span> <span class='ocrx_word' id='word_1_164' title='bbox 514 1829 642 1873; x_wconf 84' lang='lat' dir='ltr'>Fecit</span> <span class='ocrx_word' id='word_1_165' title='bbox 665 1843 689 1885; x_wconf 90' lang='lat'>3</span> <span class='ocrx_word' id='word_1_166' title='bbox 713 1831 954 1886; x_wconf 88' lang='lat' dir='ltr'>professos,</span> <span class='ocrx_word' id='word_1_167' title='bbox 980 1845 1009 1886; x_wconf 86' lang='lat'>4</span> <span class='ocrx_word' id='word_1_168' title='bbox 1030 1831 1316 1877; x_wconf 90' lang='lat' dir='ltr'>coadiutores</span> <span class='ocrx_word' id='word_1_169' title='bbox 1336 1831 1610 1889; x_wconf 87' lang='lat' dir='ltr'>spirituales,</span> <span class='ocrx_word' id='word_1_170' title='bbox 1636 1845 1689 1875; x_wconf 89' lang='lat' dir='ltr'>ac</span> <span class='ocrx_word' id='word_1_171' title='bbox 1718 1831 1834 1874; x_wconf 91' lang='lat' dir='ltr'>duos</span> <span class='ocrx_word' id='word_1_172' title='bbox 1856 1837 1973 1874; x_wconf 89' lang='lat' dir='ltr'>tem—</span> 
     </span>
     <span class='ocr_line' id='line_1_22' title="bbox 336 1905 1971 1964; baseline 0.002 -17"><span class='ocrx_word' id='word_1_173' title='bbox 336 1905 528 1961; x_wconf 91' lang='lat' dir='ltr'>porales.</span> <span class='ocrx_word' id='word_1_174' title='bbox 556 1906 766 1960; x_wconf 90' lang='lat' dir='ltr'>Mittitur,</span> <span class='ocrx_word' id='word_1_175' title='bbox 793 1916 1034 1964; x_wconf 88' lang='lat' dir='ltr'>antequam</span> <span class='ocrx_word' id='word_1_176' title='bbox 1061 1907 1238 1954; x_wconf 83' lang='lat' dir='ltr'>veniret</span> <span class='ocrx_word' id='word_1_177' title='bbox 1268 1911 1319 1953; x_wconf 89' lang='lat' dir='ltr'>P.</span> <span class='ocrx_word' id='word_1_178' title='bbox 1351 1908 1527 1954; x_wconf 90' lang='lat' dir='ltr'>Natalis</span> <span class='ocrx_word' id='word_1_179' title='bbox 1548 1908 1596 1952; x_wconf 93' lang='lat' dir='ltr'>in</span> <span class='ocrx_word' id='word_1_180' title='bbox 1625 1906 1971 1964; x_wconf 86' lang='lat' dir='ltr'>Portugalliam,</span> 
     </span>
     <span class='ocr_line' id='line_1_23' title="bbox 341 1981 1977 2042; baseline 0.001 -17"><span class='ocrx_word' id='word_1_181' title='bbox 341 1983 403 2025; x_wconf 94' lang='lat' dir='ltr'>M.</span> <span class='ocrx_word' id='word_1_182' title='bbox 426 1981 583 2026; x_wconf 89' lang='lat' dir='ltr'>Simon</span> <span class='ocrx_word' id='word_1_183' title='bbox 601 1984 805 2037; x_wconf 87' lang='lat' dir='ltr'>Romam,</span> <span class='ocrx_word' id='word_1_184' title='bbox 826 1987 948 2040; x_wconf 91' lang='lat' dir='ltr'>quod</span> <span class='ocrx_word' id='word_1_185' title='bbox 964 1988 1125 2042; x_wconf 90' lang='lat' dir='ltr'>probat</span> <span class='ocrx_word' id='word_1_186' title='bbox 1142 1986 1334 2040; x_wconf 89' lang='lat' dir='ltr'>Natalis,</span> <span class='ocrx_word' id='word_1_187' title='bbox 1352 2000 1406 2031; x_wconf 90' lang='lat' dir='ltr'>ac</span> <span class='ocrx_word' id='word_1_188' title='bbox 1422 1987 1501 2030; x_wconf 91' lang='lat' dir='ltr'>dat</span> <span class='ocrx_word' id='word_1_189' title='bbox 1517 1985 1580 2029; x_wconf 91' lang='lat' dir='ltr'>illi</span> <span class='ocrx_word' id='word_1_190' title='bbox 1597 1984 1770 2029; x_wconf 90' lang='lat' dir='ltr'>socium</span> <span class='ocrx_word' id='word_1_191' title='bbox 1790 1986 1843 2028; x_wconf 92' lang='lat' dir='ltr'>P.</span> <span class='ocrx_word' id='word_1_192' title='bbox 1865 1984 1977 2028; x_wconf 86' lang='lat' dir='ltr'>Car-</span> 
     </span>
     <span class='ocr_line' id='line_1_24' title="bbox 339 2058 1970 2119; baseline 0.002 -19"><span class='ocrx_word' id='word_1_193' title='bbox 339 2058 517 2102; x_wconf 87' lang='lat' dir='ltr'>nerium</span> <span class='ocrx_word' id='word_1_194' title='bbox 544 2061 573 2102; x_wconf 81' lang='lat'>¹.</span> <span class='ocrx_word' id='word_1_195' title='bbox 595 2060 792 2105; x_wconf 91' lang='lat' dir='ltr'>Mittitur</span> <span class='ocrx_word' id='word_1_196' title='bbox 815 2064 866 2105; x_wconf 90' lang='grc' dir='ltr'>Ρ.</span> <span class='ocrx_word' id='word_1_197' title='bbox 900 2064 1081 2119; x_wconf 89' lang='lat' dir='ltr'>Laynez</span> <span class='ocrx_word' id='word_1_198' title='bbox 1103 2065 1331 2116; x_wconf 88' lang='lat' dir='ltr'>Genuam,</span> <span class='ocrx_word' id='word_1_199' title='bbox 1359 2065 1422 2108; x_wconf 96' lang='lat' dir='ltr'>M.</span> <span class='ocrx_word' id='word_1_200' title='bbox 1449 2064 1686 2109; x_wconf 89' lang='lat' dir='ltr'>Salmeron</span> <span class='ocrx_word' id='word_1_201' title='bbox 1714 2060 1970 2118; x_wconf 87' lang='lat' dir='ltr'>Neapolim.</span> 
     </span>
     <span class='ocr_line' id='line_1_25' title="bbox 342 2135 1980 2198; baseline 0.001 -20"><span class='ocrx_word' id='word_1_202' title='bbox 342 2135 700 2181; x_wconf 85' lang='lat' dir='ltr'>Coneionantur.</span> <span class='ocrx_word' id='word_1_203' title='bbox 749 2139 825 2183; x_wconf 72' lang='lat'>:35</span> <span class='ocrx_word' id='word_1_204' title='bbox 862 2141 1118 2198; x_wconf 85' lang='lat' dir='ltr'>Collegium</span> <span class='ocrx_word' id='word_1_205' title='bbox 1156 2142 1376 2186; x_wconf 86' lang='lat' dir='ltr'>abulense</span> <span class='ocrx_word' id='word_1_206' title='bbox 1412 2141 1668 2184; x_wconf 89' lang='lat' dir='ltr'>inchoatur.</span> <span class='ocrx_word' id='word_1_207' title='bbox 1710 2138 1980 2182; x_wconf 88' lang='lat' dir='ltr'>Excitantur</span> 
     </span>
     <span class='ocr_line' id='line_1_26' title="bbox 341 2212 1982 2274; baseline 0.002 -20"><span class='ocrx_word' id='word_1_208' title='bbox 341 2212 591 2256; x_wconf 88' lang='lat' dir='ltr'>aduersarii</span> <span class='ocrx_word' id='word_1_209' title='bbox 619 2221 776 2259; x_wconf 92' lang='lat' dir='ltr'>contra</span> <span class='ocrx_word' id='word_1_210' title='bbox 809 2217 1038 2261; x_wconf 87' lang='lat' dir='ltr'>exercitia:</span> <span class='ocrx_word' id='word_1_211' title='bbox 1071 2219 1284 2263; x_wconf 90' lang='lat' dir='ltr'>deferunt</span> <span class='ocrx_word' id='word_1_212' title='bbox 1312 2220 1370 2262; x_wconf 90' lang='lat' dir='ltr'>ad</span> <span class='ocrx_word' id='word_1_213' title='bbox 1397 2216 1704 2274; x_wconf 87' lang='lat' dir='ltr'>inquisitores:</span> <span class='ocrx_word' id='word_1_214' title='bbox 1729 2230 1802 2259; x_wconf 90' lang='lat' dir='ltr'>res</span> <span class='ocrx_word' id='word_1_215' title='bbox 1829 2221 1982 2259; x_wconf 90' lang='lat' dir='ltr'>tamen</span> 
     </span>
     <span class='ocr_line' id='line_1_27' title="bbox 339 2290 1982 2349; baseline 0.001 -17"><span class='ocrx_word' id='word_1_216' title='bbox 339 2290 589 2334; x_wconf 87' lang='lat' dir='ltr'>euanescit.</span> <span class='ocrx_word' id='word_1_217' title='bbox 617 2292 872 2349; x_wconf 90' lang='lat' dir='ltr'>Collegium</span> <span class='ocrx_word' id='word_1_218' title='bbox 894 2296 1112 2339; x_wconf 89' lang='lat' dir='ltr'>eborense</span> <span class='ocrx_word' id='word_1_219' title='bbox 1133 2295 1442 2349; x_wconf 76' lang='lat' dir='ltr'>constituitur3</span> <span class='ocrx_word' id='word_1_220' title='bbox 1468 2294 1742 2338; x_wconf 89' lang='lat' dir='ltr'>inchoantur</span> <span class='ocrx_word' id='word_1_221' title='bbox 1762 2290 1982 2336; x_wconf 90' lang='lat' dir='ltr'>lectiones</span> 
     </span>
     <span class='ocr_line' id='line_1_28' title="bbox 343 2364 1981 2423; baseline 0.002 -16"><span class='ocrx_word' id='word_1_222' title='bbox 343 2364 393 2408; x_wconf 93' lang='lat' dir='ltr'>in</span> <span class='ocrx_word' id='word_1_223' title='bbox 413 2365 555 2411; x_wconf 93' lang='lat' dir='ltr'>literis</span> <span class='ocrx_word' id='word_1_224' title='bbox 576 2369 933 2423; x_wconf 90' lang='lat' dir='ltr'>humanioribus,</span> <span class='ocrx_word' id='word_1_225' title='bbox 960 2386 1012 2414; x_wconf 90' lang='lat' dir='ltr'>ac</span> <span class='ocrx_word' id='word_1_226' title='bbox 1034 2386 1222 2416; x_wconf 91' lang='lat' dir='ltr'>casuum</span> <span class='ocrx_word' id='word_1_227' title='bbox 1245 2371 1554 2416; x_wconf 90' lang='lat' dir='ltr'>conscientiae</span> <span class='ocrx_word' id='word_1_228' title='bbox 1575 2368 1830 2413; x_wconf 89' lang='lat' dir='ltr'>instituitur</span> <span class='ocrx_word' id='word_1_229' title='bbox 1845 2382 1981 2412; x_wconf 87' lang='lat' dir='ltr'>enar-</span> 
     </span>
     <span class='ocr_line' id='line_1_29' title="bbox 346 2442 1980 2507; baseline 0.002 -22"><span class='ocrx_word' id='word_1_230' title='bbox 346 2442 475 2486; x_wconf 88' lang='lat' dir='ltr'>ratio.</span> <span class='ocrx_word' id='word_1_231' title='bbox 497 2444 753 2502; x_wconf 90' lang='lat' dir='ltr'>Collegium</span> <span class='ocrx_word' id='word_1_232' title='bbox 770 2447 1118 2504; x_wconf 90' lang='lat' dir='ltr'>vlysipponense</span> <span class='ocrx_word' id='word_1_233' title='bbox 1135 2457 1348 2507; x_wconf 87' lang='lat' dir='ltr'>augetur,</span> <span class='ocrx_word' id='word_1_234' title='bbox 1369 2447 1534 2493; x_wconf 89' lang='lat' dir='ltr'>additis</span> <span class='ocrx_word' id='word_1_235' title='bbox 1551 2447 1808 2504; x_wconf 86' lang='lat' dir='ltr'>professore</span> <span class='ocrx_word' id='word_1_236' title='bbox 1824 2445 1980 2491; x_wconf 89' lang='lat' dir='ltr'>litera-</span> 
     </span>
     <span class='ocr_line' id='line_1_30' title="bbox 346 2522 1981 2583; baseline 0.003 -23"><span class='ocrx_word' id='word_1_237' title='bbox 346 2533 448 2562; x_wconf 91' lang='lat' dir='ltr'>rum</span> <span class='ocrx_word' id='word_1_238' title='bbox 485 2534 752 2577; x_wconf 85' lang='lat' dir='ltr'>graecarum</span> <span class='ocrx_word' id='word_1_239' title='bbox 791 2537 843 2566; x_wconf 91' lang='lat' dir='ltr'>ac</span> <span class='ocrx_word' id='word_1_240' title='bbox 881 2525 1142 2578; x_wconf 88' lang='lat' dir='ltr'>rethorices,</span> <span class='ocrx_word' id='word_1_241' title='bbox 1175 2527 1262 2570; x_wconf 89' lang='lat' dir='ltr'>alio</span> <span class='ocrx_word' id='word_1_242' title='bbox 1300 2533 1535 2583; x_wconf 91' lang='lat' dir='ltr'>praeterea</span> <span class='ocrx_word' id='word_1_243' title='bbox 1571 2522 1891 2581; x_wconf 89' lang='lat' dir='ltr'>grammatices</span> <span class='ocrx_word' id='word_1_244' title='bbox 1927 2536 1981 2566; x_wconf 91' lang='lat' dir='ltr'>ac</span> 
     </span>
     <span class='ocr_line' id='line_1_31' title="bbox 346 2589 1984 2657; baseline 0.002 -18"><span class='ocrx_word' id='word_1_245' title='bbox 346 2609 538 2640; x_wconf 89' lang='lat' dir='ltr'>casuum</span> <span class='ocrx_word' id='word_1_246' title='bbox 554 2591 873 2643; x_wconf 86' lang='lat' dir='ltr'>conscientiae.</span> <span class='ocrx_word' id='word_1_247' title='bbox 897 2601 1066 2657; x_wconf 89' lang='lat' dir='ltr'>Agitur</span> <span class='ocrx_word' id='word_1_248' title='bbox 1082 2610 1131 2645; x_wconf 90' lang='lat' dir='ltr'>vt</span> <span class='ocrx_word' id='word_1_249' title='bbox 1147 2619 1226 2648; x_wconf 87' lang='lat' dir='ltr'>rex</span> <span class='ocrx_word' id='word_1_250' title='bbox 1243 2589 1379 2646; x_wconf 85' lang='lat' dir='ltr'>simul</span> <span class='ocrx_word' id='word_1_251' title='bbox 1391 2609 1438 2646; x_wconf 92' lang='lat' dir='ltr'>et</span> <span class='ocrx_word' id='word_1_252' title='bbox 1450 2601 1613 2645; x_wconf 89' lang='lat' dir='ltr'>ciuitas</span> <span class='ocrx_word' id='word_1_253' title='bbox 1627 2599 1747 2644; x_wconf 91' lang='lat' dir='ltr'>illius</span> <span class='ocrx_word' id='word_1_254' title='bbox 1762 2598 1984 2657; x_wconf 88' lang='lat' dir='ltr'>suscipiat</span> 
     </span>
     <span class='ocr_line' id='line_1_32' title="bbox 348 2674 1986 2735; baseline 0.002 -20"><span class='ocrx_word' id='word_1_255' title='bbox 348 2686 518 2717; x_wconf 92' lang='lat' dir='ltr'>curam.</span> <span class='ocrx_word' id='word_1_256' title='bbox 551 2675 558 2731; x_wconf 81' lang='grc' dir='ltr'>Ι</span> <span class='ocrx_word' id='word_1_257' title='bbox 586 2676 622 2718; x_wconf 93' lang='lat' dir='ltr'>F</span> <span class='ocrx_word' id='word_1_258' title='bbox 627 2676 823 2719; x_wconf 89' lang='lat' dir='ltr'>undatur</span> <span class='ocrx_word' id='word_1_259' title='bbox 850 2677 1083 2734; x_wconf 89' lang='lat' dir='ltr'>Vlisipone</span> <span class='ocrx_word' id='word_1_260' title='bbox 1121 2680 1282 2723; x_wconf 89' lang='lat' dir='ltr'>domus</span> <span class='ocrx_word' id='word_1_261' title='bbox 1321 2680 1379 2723; x_wconf 83' lang='lat'>2.⁸</span> <span class='ocrx_word' id='word_1_262' title='bbox 1407 2678 1713 2735; x_wconf 89' lang='lat' dir='ltr'>professorum</span> <span class='ocrx_word' id='word_1_263' title='bbox 1742 2674 1986 2722; x_wconf 85' lang='lat' dir='ltr'>Societatis</span> 
     </span>
     <span class='ocr_line' id='line_1_33' title="bbox 350 2750 1985 2812; baseline 0.002 -19"><span class='ocrx_word' id='word_1_264' title='bbox 350 2756 398 2793; x_wconf 90' lang='lat' dir='ltr'>et</span> <span class='ocrx_word' id='word_1_265' title='bbox 419 2750 537 2793; x_wconf 91' lang='lat' dir='ltr'>fiunt</span> <span class='ocrx_word' id='word_1_266' title='bbox 557 2752 764 2807; x_wconf 86' lang='lat' dir='ltr'>professi,</span> <span class='ocrx_word' id='word_1_267' title='bbox 791 2760 876 2797; x_wconf 85' lang='lat' dir='ltr'>ete.</span> <span class='ocrx_word' id='word_1_268' title='bbox 906 2755 1164 2799; x_wconf 90' lang='lat' dir='ltr'>Instituitur</span> <span class='ocrx_word' id='word_1_269' title='bbox 1185 2758 1347 2799; x_wconf 91' lang='lat' dir='ltr'>domus</span> <span class='ocrx_word' id='word_1_270' title='bbox 1375 2754 1657 2812; x_wconf 90' lang='lat' dir='ltr'>probationis</span> <span class='ocrx_word' id='word_1_271' title='bbox 1679 2753 1985 2810; x_wconf 87' lang='lat' dir='ltr'>Cohjmbriae.</span> 
     </span>
     <span class='ocr_line' id='line_1_34' title="bbox 353 2826 1992 2888; baseline 0.002 -20"><span class='ocrx_word' id='word_1_272' title='bbox 353 2826 644 2884; x_wconf 89' lang='lat' dir='ltr'>Transigitur</span> <span class='ocrx_word' id='word_1_273' title='bbox 680 2843 784 2872; x_wconf 91' lang='lat' dir='ltr'>cum</span> <span class='ocrx_word' id='word_1_274' title='bbox 823 2844 932 2887; x_wconf 86' lang='lat' dir='ltr'>rege</span> <span class='ocrx_word' id='word_1_275' title='bbox 968 2832 1025 2876; x_wconf 90' lang='lat' dir='ltr'>de</span> <span class='ocrx_word' id='word_1_276' title='bbox 1061 2832 1279 2876; x_wconf 89' lang='lat' dir='ltr'>missione</span> <span class='ocrx_word' id='word_1_277' title='bbox 1316 2833 1362 2876; x_wconf 91' lang='lat' dir='ltr'>in</span> <span class='ocrx_word' id='word_1_278' title='bbox 1398 2831 1687 2888; x_wconf 91' lang='lat' dir='ltr'>Ethyopiam.</span> <span class='ocrx_word' id='word_1_279' title='bbox 1727 2830 1898 2887; x_wconf 91' lang='lat' dir='ltr'>Agitur</span> <span class='ocrx_word' id='word_1_280' title='bbox 1932 2829 1992 2872; x_wconf 88' lang='lat' dir='ltr'>de</span> 
     </span>
    </p>
   </div>
   <div class='ocr_carea' id='block_1_3' title="bbox 404 2945 620 2950">
    <p class='ocr_par' dir='ltr' id='par_1_3' title="bbox 404 2945 620 2950">
     <span class='ocr_line' id='line_1_35' title="bbox 404 2945 620 2950; baseline 0 0"><span class='ocrx_word' id='word_1_281' title='bbox 404 2945 620 2950; x_wconf 95' lang='lat' dir='ltr'> </span> 
     </span>
    </p>
   </div>
   <div class='ocr_carea' id='block_1_4' title="bbox 356 3010 1990 3106">
    <p class='ocr_par' dir='ltr' id='par_1_4' title="bbox 356 3010 1990 3106">
     <span class='ocr_line' id='line_1_36' title="bbox 424 3010 1990 3063; baseline 0.001 -17"><span class='ocrx_word' id='word_1_282' title='bbox 424 3010 435 3030; x_wconf 78' lang='lat'>⁸</span> <span class='ocrx_word' id='word_1_283' title='bbox 485 3011 598 3047; x_wconf 89' lang='lat' dir='ltr'>Prius</span> <span class='ocrx_word' id='word_1_284' title='bbox 616 3011 825 3058; x_wconf 86' lang='lat' dir='ltr'>scripserat</span> <span class='ocrx_word' id='word_1_285' title='bbox 853 3011 1103 3050; x_wconf 65' lang='lat' dir='ltr'>carnalium.</span> <span class='ocrx_word' id='word_1_286' title='bbox 1130 3016 1272 3052; x_wconf 83' lang='lat' dir='ltr'>Postea</span> <span class='ocrx_word' id='word_1_287' title='bbox 1297 3016 1381 3063; x_wconf 88' lang='lat' dir='ltr'>ipse</span> <span class='ocrx_word' id='word_1_288' title='bbox 1398 3015 1524 3052; x_wconf 88' lang='lat' dir='ltr'>Nadal</span> <span class='ocrx_word' id='word_1_289' title='bbox 1556 3013 1782 3050; x_wconf 82' lang='lat' dir='ltr'>emendavit</span> <span class='ocrx_word' id='word_1_290' title='bbox 1811 3011 1990 3048; x_wconf 85' lang='lat' dir='ltr'>scribens</span> 
     </span>
     <span class='ocr_line' id='line_1_37' title="bbox 356 3068 617 3106; baseline 0.008 -2"><span class='ocrx_word' id='word_1_291' title='bbox 356 3068 617 3106; x_wconf 82' lang='lat' dir='ltr'>Carnerium.</span> 
     </span>
    </p>
   </div>
  </div>
 </body>
</html>
