2196 3522
307 210 377 258 532
928 209 1076 245 EP1s’r.
1104 208 1148 243 P.
1176 207 1326 245 NADAL

308 310 649 378 professionem,
676 316 868 365 utraque
889 308 937 351 in
965 308 1176 352 manibus
1208 310 1321 353 Rev.
1353 308 1502 353 Patris
1530 308 1715 363 Canisii,
1747 309 1795 353 in
1822 311 1944 356 Ger-

308 371 455 414 mania
476 367 767 435 provincialis
789 367 1049 425 praepositi:
1075 382 1192 423 quae
1215 368 1334 411 facta
1361 369 1520 424 procul
1546 368 1684 412 dubio
1710 377 1819 412 sunt
1846 385 1941 414 non

308 430 406 474 sine
426 428 689 472 examine...
722 440 784 471 10.
810 428 923 472 Sum
945 427 1172 471 sacerdos.
1205 439 1272 471 11.
1299 426 1385 471 Fui
1407 441 1486 483 per
1506 427 1680 483 aliquot
1702 434 1881 486 tempus
1897 429 1944 472 in

307 488 503 544 collegio
526 486 795 531 Valentiae
783 501 831 529 1n
854 486 1091 543 Hispania,
1116 486 1163 529 in
1181 486 1322 539 Italia,
1342 485 1554 530 videlicet
1571 488 1740 532 Rornae
1757 496 1803 533 et
1820 490 1942 532 Lau-

309 547 408 604 reti,
440 547 487 590 in
514 545 760 591 Germania
787 545 1069 602 Ingolstadii:
1105 546 1247 589 multa
1273 559 1383 589 vero
1415 545 1502 588 alia
1538 546 1746 614 collegia
1767 547 1860 590 vidi
1897 548 1945 590 in

310 606 502 650 transitu
538 619 787 672 paucorum
829 605 1005 650 dierum
1047 606 1121 648 vel
1156 605 1558 672 hebdomadarum,
1599 612 1652 648 ut
1686 605 1732 648 in
1774 606 1940 652 Sicilia.

316 679 382 710 12.
419 665 525 709 Feci
557 664 708 708 omnia
744 679 915 732 genera
951 664 1284 721 probationum,
1324 664 1530 719 quamvis
1562 664 1729 720 aliquid
1761 681 1853 709 non
1883 666 1947 710 ita

311 725 405 777 diu,
433 732 482 767 ut
510 724 791 781 peregrinari
818 724 866 766 in
893 730 1174 780 paupertate.
1214 736 1279 779 13.
1307 725 1356 767 In
1388 723 1606 768 docendis
1629 724 1946 782 philosophicis

311 791 358 828 et
381 784 671 840 theologicis,
697 783 933 826 audiendis
957 784 1144 826 fratrum
1174 790 1220 827 et
1248 789 1538 827 externorum
1566 784 1943 839 confessionibus,

314 843 474 887 dandis
503 842 729 888 exercitiis
757 842 1080 899 spiritualibus.
1119 855 1185 896 14.
1218 843 1322 886 Non
1349 842 1495 885 habeo
1523 842 1610 885 alia
1637 851 1744 886 vota
1771 850 1948 900 praeter

311 911 419 946 vota
441 901 702 955 Societatis,
728 916 845 958 quae
873 901 994 946 edidi
1022 909 1127 944 ante
1155 901 1480 958 professionem
1510 912 1534 968 7
1564 901 1729 945 annis..
1740 904 1824 946 A
1854 906 1947 946 ter-

310 978 387 1020 go,
410 963 504 1005 alia
525 976 688 1004 manu:
715 961 1087 1018 Ingolstadiensis
1116 960 1296 1017 collegii
1323 960 1639 1028 responsiones
1667 937 1945 1021 communes.

315 1022 364 1079 [
410 1021 463 1124 L]
512 1081 680 1122 Alonso
702 1080 985 1136 Rodriguez.
1014 1091 1056 1122 2.
1081 1081 1153 1123 De
1175 1083 1280 1135 aqui
1303 1084 1330 1122 a
1352 1086 1444 1123 tres
1471 1093 1618 1123 meses
1646 1080 1864 1136 cumplire
1894 1092 1951 1134 24

316 1147 442 1183 anos.
472 1153 511 1194 3.
538 1141 608 1183 De
637 1139 822 1182 Castilla
850 1140 892 1182 la
920 1138 1034 1194 Veja
1060 1138 1153 1196 [sic]
1182 1154 1211 1195 y
1237 1139 1294 1181 de
1323 1138 1591 1182 Valladolid.
1623 1152 1666 1193 4.
1699 1140 1794 1184 Son
1819 1138 1951 1183 vivos

315 1199 401 1242 mis
417 1199 594 1256 padres.
618 1208 658 1253 5.
681 1199 773 1242 Son
791 1199 847 1241 de
864 1198 1125 1242 suficiencia
1141 1199 1198 1242 de
1215 1197 1385 1243 bienes.
1405 1198 1447 1241 6.
1467 1198 1515 1242 Si
1529 1197 1704 1253 quiero.
1722 1210 1763 1253 7.
1791 1201 1952 1255 Tengo

319 1261 401 1303 dos
424 1261 663 1303 hermanas
685 1258 858 1313 monjas
881 1273 910 1313 y
932 1264 1093 1312 quatro
1114 1259 1373 1301 hermanos:
1398 1271 1490 1300 uno
1517 1258 1672 1313 flayre,
1707 1265 1805 1301 otro
1833 1257 1953 1301 tiene

323 1334 385 1361 un
407 1317 630 1361 beneficio
651 1331 739 1372 que
760 1317 875 1360 deve
896 1317 952 1360 de
974 1318 1097 1361 valer
1118 1318 1248 1360 hasta
1271 1329 1327 1360 20
1344 1321 1371 1359 ό
1387 1323 1554 1372 veynte
1570 1332 1599 1372 y
1616 1315 1746 1360 cinc0
1763 1317 1839 1360 mil
1855 1331 1954 1360 ma-

323 1378 520 1430 ravedis,
546 1378 612 1419 los
634 1384 756 1419 otros
778 1377 860 1419 dos
881 1375 973 1419 casi
995 1390 1054 1419 no
1077 1376 1229 1419 tienen
1251 1377 1383 1428 nada,
1415 1376 1514 1419 sino
1540 1376 1585 1419 lo
1613 1390 1701 1432 que
1728 1377 1794 1420 les
1815 1377 1954 1421 dexa-

323 1452 406 1480 ren
438 1451 516 1479 sus
546 1435 720 1491 padres:
752 1435 959 1491 ninguno
988 1449 1036 1479 es
1064 1436 1244 1479 casado.
1278 1437 1319 1478 8.
1351 1435 1410 1479 Ni
1448 1442 1588 1492 tengo
1624 1435 1670 1478 ni
1707 1437 1764 1480 he
1802 1435 1955 1480 tenido

319 1497 469 1540 deuda
493 1495 539 1537 ni
562 1493 865 1551 obligationes
887 1495 985 1537 sino
1008 1496 1064 1537 de
1092 1494 1240 1538 medio
1267 1496 1375 1547 real,
1407 1508 1496 1550 que
1524 1495 1609 1538 alle
1637 1510 1667 1551 y
1693 1509 1806 1551 supe
1838 1509 1955 1551 cuyo

322 1571 414 1608 era,
440 1570 468 1610 y
491 1569 549 1596 no
573 1569 621 1598 se
642 1555 684 1598 16
705 1554 766 1597 di:
792 1569 821 1610 y
843 1568 921 1597 ora
942 1568 1002 1596 no
1020 1561 1159 1611 tengo
1176 1555 1308 1607 nada,
1327 1569 1390 1610 ny
1404 1567 1585 1609 aunque
1603 1554 1778 1599 tuviera
1794 1567 1956 1610 pareze

321 1630 412 1671 que
434 1613 621 1670 pudiera
643 1613 832 1656 darsele.
859 1628 901 1671 9.
930 1615 972 1656 A
996 1614 1101 1656 todo
1123 1613 1232 1670 cligo
1253 1628 1343 1668 que
1359 1627 1432 1656 no.
1462 1626 1529 1656 10.
1551 1613 1754 1670 Siempre
1772 1614 1956 1658 entendi

321 1689 380 1718 en
403 1673 619 1718 estudiar.
652 1685 668 1716 Ι
682 1685 718 1716 1.
745 1674 832 1724 No,
860 1673 895 1715 si
918 1687 976 1715 no
999 1688 1047 1716 es
1069 1673 1238 1729 alguna
1259 1687 1342 1716 vez
1365 1673 1635 1716 calenturas.
1663 1685 1728 1716 12.
1751 1674 1820 1716 En
1836 1671 1957 1716 elsi-

325 1735 402 1790 glo
424 1748 501 1776 era
522 1733 686 1775 devoto
709 1746 739 1788 y
761 1731 997 1776 enclinado
1020 1736 1046 1775 a
1068 1747 1194 1776 rezar
1215 1747 1244 1788 y
1268 1736 1293 1775 a
1315 1733 1395 1775 dar
1417 1731 1622 1783 limosna,
1648 1747 1677 1788 y
1705 1735 1770 1775 asi
1799 1745 1960 1775 rezava

324 1794 505 1845 much03
531 1806 627 1834 mas
649 1805 708 1834 no
731 1795 852 1834 tenia
876 1791 1130 1846 frequentia
1152 1792 1207 1834 de
1231 1799 1554 1843 sacramentos,
1580 1791 1625 1833 ni
1643 1792 1767 1837 sabia
1784 1793 1840 1835 de
1858 1805 1959 1835 ora—

323 1852 426 1895 cic'm
450 1851 631 1894 mental.
666 1863 731 1905 13.
758 1852 828 1893 De
850 1857 922 1894 se‘r
944 1850 1157 1907 religioso
1179 1854 1206 1894 ό
1227 1852 1367 1907 flayre
1390 1854 1511 1895 tenia
1538 1858 1662 1903 voto,
1694 1866 1723 1907 y
1751 1866 1809 1895 en
1837 1850 1960 1893 duda

325 1912 482 1954 estaba
519 1910 556 1953 si
594 1913 715 1954 tenia
751 1917 890 1962 otros‚
926 1924 1055 1953 como
1087 1911 1144 1954 de
1177 1925 1303 1954 rezar
1333 1911 1454 1966 algo;
1485 1925 1583 1952 mas
1613 1911 1803 1953 entrado
1832 1924 1888 1953 en
1916 1910 1959 1952 la

326 1972 576 2026 Compafiia
598 1983 669 2012 me
692 1968 796 2011 dixo
819 1970 860 2013 el
884 1969 1029 2013 Padre
1052 1976 1199 2013 rector
1222 1983 1310 2024 que
1332 1984 1393 2012 no
1422 1983 1498 2012 era
1527 1968 1740 2025 obligado
1767 1973 1792 2012 a
1820 1969 1961 2021 nada,

326 2045 354 2086 y
377 2033 441 2072 asi
465 2030 509 2071 lo
532 2028 702 2084 pienso.
736 2040 801 2082 14.
830 2029 971 2071 Como
995 2032 1115 2072 tenia
1143 2035 1253 2071 voto
1283 2044 1311 2084 y
1339 2029 1475 2071 deseo
1504 2029 1562 2072 de
1594 2028 1736 2072 servir
1766 2032 1792 2071 a
1823 2027 1954 2080 Dios,

332 2092 460 2132 entre
483 2102 541 2130 en
562 2088 604 2130 la
626 2087 877 2142 Compafiia
899 2087 967 2130 sin
991 2087 1219 2144 ningunas
1240 2087 1584 2131 consolationes.
1606 2088 1702 2130 Fue
1729 2087 1820 2143 [sic]
1835 2101 1958 2131 rece·

335 2148 442 2191 bido
453 2161 534 2203 por
550 2147 591 2190 el
610 2148 662 2190 P.
685 2148 973 2190 Bartholome
991 2148 1279 2199 HernandeZ,
1300 2153 1462 2191 rector.
1495 2159 1510 2190 Ι
1520 2158 1560 2201 5.
1579 2148 1665 2190 No.
1693 2147 1758 2190 16.
1780 2147 1959 2202 Quatro

334 2214 445 2250 anos
468 2222 497 2262 y
520 2205 683 2249 medio.
716 2217 765 2259 17
809 2207 882 2248 Ha
903 2212 990 2249 ano
1011 2221 1040 2262 y
1063 2206 1210 2250 medio
1237 2220 1325 2261 que
1352 2206 1454 2250 hize
1479 2206 1547 2249 los
1574 2213 1719 2249 votos.
1758 2207 1823 2249 18.
1857 2207 1961 2249 Una

331 2281 415 2309 vez
438 2268 494 2308 he
518 2267 662 2309 hecho
683 2265 750 2309 los
771 2265 1008 2308 exercitios
1030 2266 1087 2308 de
1109 2266 1151 2308 la
1173 2265 1364 2321 primera
1386 2280 1570 2309 semana
1597 2280 1654 2308 en
1683 2266 1708 2307 8
1738 2268 1765 2308 ό
1793 2279 1821 2322 9
1849 2265 1959 2307 dias.

335 2338 401 2382 19.
430 2326 503 2368 He
524 2323 704 2368 servido
726 2339 782 2368 en
804 2324 975 2367 officios
997 2325 1137 2367 baxos
1165 2339 1221 2367 en
1250 2338 1368 2376 casa,
1400 2324 1746 2380 peregrinando,
1781 2323 1959 2367 servido

329 2399 387 2428 en
408 2383 670 2440 hospitaleS,
696 2398 878 2438 aunque
900 2399 958 2426 no
981 2384 1244 2428 dormiendo
1266 2384 1312 2426 ni
1334 2383 1572 2426 comiendo
1594 2398 1651 2426 en
1673 2384 1799 2427 ellos:
1826 2397 1960 2427 ense-

330 2444 448 2486 fiado
470 2444 512 2486 la
535 2442 728 2486 dotrina.
756 2454 826 2485 20.
854 2443 998 2485 Hasta
1021 2458 1124 2499 seys
1147 2457 1279 2486 vezes
1301 2442 1459 2499 pienso
1481 2457 1569 2498 que
1591 2457 1664 2486 me
1680 2445 1786 2485 avre
1803 2442 1960 2485 conse-

330 2503 440 2545 sado
463 2502 816 2558 generalmente,
842 2517 870 2556 y
893 2509 1014 2545 otras
1037 2509 1185 2546 tantas
1206 2503 1436 2545 renovado
1457 2502 1525 2544 los
1546 2509 1691 2544 votos.
1719 2514 1789 2544 21.
1813 2502 1961 2545 Fuera

329 2562 386 2605 de
408 2562 474 2604 las
505 2561 810 2604 confessiones
839 2562 1077 2616 generales
1105 2561 1276 2615 dichas,
1308 2576 1366 2603 no
1394 2575 1466 2604 me
1492 2561 1689 2604 acuerdo
1705 2575 1812 2604 aver
1843 2560 1960 2602 dado

330 2621 499 2676 alguna
521 2635 603 2662 vez
624 2627 790 2663 cuenta
811 2621 868 2663 de
889 2620 950 2662 mi
980 2620 1263 2664 consciencia
1291 2621 1645 2676 generalmente,
1681 2619 1781 2663 sino
1809 2620 1867 2663 de
1895 2619 1962 2661 al-

333 2694 457 2736 guna
488 2694 596 2722 cosa
623 2678 866 2734 particular
894 2680 1063 2736 alguna
1091 2694 1173 2722 vez
1204 2680 1245 2723 al
1274 2680 1422 2723 Padre
1458 2686 1622 2723 rector.
1664 2691 1735 2721 22.
1777 2679 1870 2734 Soy
1905 2678 1962 2720 de

330 2753 512 2781 corona.
540 2751 611 2793 23.
639 2740 708 2781 En
730 2738 963 2782 Simancas
984 2738 1146 2783 estube
1167 2740 1297 2781 hasta
1318 2738 1448 2781 cinco
1469 2752 1692 2790 semanas,
1724 2744 1850 2793 parte
1877 2736 1962 2779 sir—

331 2798 496 2841 viendo
519 2813 576 2841 en
597 2797 770 2851 oficios,
797 2804 921 2853 parte
944 2799 1162 2842 enfermo:
1189 2798 1296 2840 todo
1316 2798 1360 2840 10
1382 2799 1537 2840 demas
1559 2812 1584 2841 6
1606 2798 1763 2841 estado
1791 2811 1848 2840 en
1875 2796 1962 2840 Sa-

332 2857 549 2908 lamanca,
576 2857 781 2912 ocupado
803 2871 860 2899 en
882 2857 947 2899 las
969 2856 1276 2912 experiencias
1293 2856 1449 2899 dichas
1465 2871 1494 2911 y
1511 2871 1569 2899 en
1586 2855 1802 2899 estudiar.
1824 2867 1895 2908 24.
1916 2854 1961 2898 A

333 2917 438 2959 todo
460 2916 568 2972 digo
590 2930 678 2971 que
700 2930 769 2958 no
796 2926 866 2970 25.
894 2917 942 2960 Si
964 2916 1116 2969 dese03
1142 2930 1324 2971 aunque
1346 2930 1406 2958 no
1428 2916 1576 2959 deven
1591 2915 1648 2958 de
1665 2929 1737 2957 ser
1753 2928 1862 2969 muy
1879 2913 1962 2957 efi-

330 2989 462 3020 caces
483 2975 549 3018 los
571 2976 746 3018 deseos.
773 2974 844 3017 26.
872 2975 914 3017 A
938 2975 1043 3018 todo
1065 2975 1174 3032 digo
1196 2989 1285 3030 que
1307 2977 1343 3018 si
1365 2975 1519 3019 deseo
1547 2985 1619 3028 27.
1647 2974 1707 3018 Si.
1734 2973 1805 3016 28.
1837 2971 1960 3028 Digo
