2196 3522
904 247 950 285 29
974 237 1224 275 Novmfflms
1251 237 1343 284 1563
1873 241 1943 286 467

306 354 397 396 qua
417 354 503 385 con
524 340 567 384 13
587 340 736 398 gratia
756 341 815 386 de
842 340 931 384 Dio
956 355 1006 385 se
1034 340 1252 385 risoluera
1279 355 1365 384 con
1394 342 1452 385 N.
1482 342 1535 384 P.
1566 342 1672 385 Don
1694 341 1831 399 Luigi
1853 357 1945 386 non

306 417 474 462 andera
495 417 752 463 altrimente
773 433 800 461 a
820 417 1021 475 Dilinga.
1047 417 1102 462 Ci
1123 419 1150 462 e
1171 424 1290 461 stato
1307 431 1412 461 caro
1428 417 1667 463 intendere
1689 418 1833 462 faccia
1854 420 1943 464 ben

307 494 492 553 l'officio
512 495 569 557 de
590 494 796 539 ministro
813 496 855 540 el
878 497 931 539 P.
957 494 1203 539 Rebastein
1230 497 1258 538 ¹.
1591 503 1595 508 '

399 582 440 627 5.
505 573 611 628 Qua
627 572 666 615 si
686 587 744 616 ua
759 572 807 615 in
820 573 956 617 fretta
971 572 1090 617 nelle
1103 586 1209 617 cose
1224 573 1298 615 del
1314 571 1519 615 concilio.
1539 572 1697 617 Sisara
1713 572 1943 618 mentione

307 649 364 692 de
386 656 541 693 nostra
562 649 860 706 Compagnia,
885 650 1051 706 perche
1073 648 1150 706 gia
1171 649 1290 692 nella
1311 648 1642 706 congregation
1659 649 1841 706 publica
1862 650 1901 693 si
1916 651 1942 694 e

310 725 513 781 risoluto,
537 727 714 771 benche
742 741 834 770 non
863 726 902 770 si
929 728 955 770 ὲ
983 733 1145 783 potuto
1173 727 1367 770 ottener’
1391 727 1476 769 che
1498 725 1536 770 si
1560 727 1733 770 facesse
1753 727 1811 770 de
1832 741 1941 784 cap—

305 803 502 859 puccini,
522 819 579 848 ne
595 804 653 849 de
669 803 860 858 minimi,
874 805 960 848 che
977 803 1128 847 alcuni
1144 804 1190 846 lo
1204 802 1549 856 desiderauanO,
1571 810 1618 848 et
1634 818 1725 847 non
1742 804 1941 848 obstanti

304 880 347 924 le
368 880 677 926 controuersie
697 880 816 924 circa
843 881 885 925 le
906 879 1053 937 pareri
1073 879 1259 932 diuersi,
1284 886 1331 923 et
1357 878 1388 921 li
1418 880 1523 923 mali
1551 879 1680 923 offitii
1702 882 1788 925 che
1810 882 1941 937 qual-

303 972 423 1001 cuno
449 959 506 1002 de
534 957 676 1002 nostri
706 957 908 1002 forusciti
936 959 1090 1002 hanno
1116 957 1234 1014 fatti,
1260 957 1298 1000 si
1325 958 1351 1000 e
1381 956 1501 1000 uisto
1530 972 1615 1013 pur
1647 958 1780 1000 fauor
1801 959 1941 1001 molto

304 1034 479 1090 grande
499 1033 606 1080 nelli
626 1033 786 1091 prelati
807 1034 864 1079 de
886 1033 996 1091 ogni
1018 1033 1201 1078 natione
1228 1047 1363 1078 uerso
1391 1034 1433 1077 la
1461 1034 1746 1091 Compagnia
1767 1042 1936 1078 nostra:

304 1110 393 1155 Dio
414 1112 598 1156 laudato
619 1111 652 1154 ².
678 1113 782 1156 Una
802 1125 908 1155 cosa
930 1111 1038 1167 pero
1060 1118 1189 1154 tocca
1210 1111 1552 1168 generalmente
1574 1125 1599 1154 a
1618 1118 1734 1156 tutte
1755 1112 1798 1154 le
1820 1111 1938 1155 relli—

306 1187 448 1244 gioni,
472 1195 519 1232 et
540 1203 566 1231 a
586 1187 662 1231 noi
683 1187 873 1233 insieme
892 1202 979 1231 con
1001 1188 1043 1231 le
1065 1188 1194 1241 altre,
1214 1195 1260 1230 et
1277 1188 1306 1231 'e
1327 1187 1401 1232 del
1423 1202 1514 1231 non
1532 1187 1737 1244 predicar
1754 1203 1812 1232 ne
1829 1202 1940 1231 con—

306 1265 449 1309 fessar
475 1279 611 1309 senza
638 1264 820 1310 licentia
847 1264 952 1310 delli
980 1264 1181 1309 vescoui.
1218 1266 1278 1310 Se
1313 1265 1370 1308 V.
1405 1266 1459 1308 R.
1497 1265 1528 1307 li
1555 1267 1790 1309 occorrera
1817 1264 1940 1308 darci

304 1343 496 1398 qualche
517 1342 660 1395 auiso,
686 1357 738 1387 ce
759 1343 804 1386 10
825 1342 913 1396 dia;
939 1343 1116 1387 benche
1143 1355 1353 1399 speramo
1374 1342 1432 1387 de
1454 1343 1607 1399 parola
1629 1343 1672 1385 lo
1701 1344 1831 1399 potra
1860 1342 1941 1385 dar

302 1425 468 1474 presto.
500 1419 672 1464 Auanti
700 1419 729 1462 il
752 1415 920 1463 *Natale
948 1419 987 1463 si
1015 1434 1155 1476 pensa
1189 1420 1330 1463 molto
1356 1419 1414 1464 de
1442 1426 1568 1462 certo
1603 1409 1727 1463 serra
1759 1419 1788 1462 il
1818 1426 1941 1462 tutto

302 1496 446 1550 finito,
470 1503 517 1541 et
537 1511 587 1541 se
613 1511 705 1540 non
729 1496 835 1540 fossi
858 1511 937 1554 per
958 1498 1002 1540 la
1023 1496 1239 1540 instantia
1266 1497 1340 1540 del
1371 1505 1506 1541 conte
1527 1497 1585 1541 de
1607 1497 1755 1549 Luna,
1780 1495 1811 1538 il
1832 1497 1940 1552 qual

301 1587 494 1630 procura
514 1589 563 1618 se
584 1573 747 1630 aspetti
769 1581 893 1618 certa
913 1581 1117 1631 resposta
1139 1574 1212 1617 del
1243 1589 1291 1617 re
1320 1573 1560 1626 catholico,
1586 1572 1664 1630 piu
1686 1580 1840 1629 presto
1863 1587 1929 1616 sa-

302 1651 440 1695 rebbe
461 1651 505 1694 13
531 1665 638 1695 cosa
663 1651 803 1695 finita.
839 1651 929 1697 Gia
955 1651 1166 1696 habiamo
1193 1666 1342 1696 messo
1369 1650 1399 1694 li
1429 1650 1530 1694 libri
1563 1651 1681 1694 nelle
1709 1663 1838 1695 casse
1859 1664 1940 1707 per

302 1727 521 1771 mandarli
542 1728 590 1771 in
611 1728 819 1782 Venetia,
843 1737 890 1773 et
910 1728 1036 1773 molti
1064 1728 1224 1785 prelati
1251 1730 1403 1772 hanno
1431 1729 1645 1771 mandato
1674 1742 1788 1784 gran
1810 1734 1939 1784 parte

304 1804 423 1849 delle
443 1820 526 1850 sue
545 1806 772 1862 bagaglie.
791 1806 921 1850 Nelle
937 1805 1130 1849 orationi
1145 1813 1233 1849 etc.
1255 1805 1313 1850 Di
1331 1807 1518 1858 Trento,
1539 1805 1569 1848 li
1588 1817 1644 1863 29
1660 1805 1717 1848 de
1734 1806 1938 1848 Nouem-

304 1881 386 1925 bre
413 1883 539 1937 1563.
1653 1886 1657 1890 ’

376 2027 386 2047 ¹
436 2025 480 2060 P.
500 2026 671 2072 Joannes
689 2025 918 2072 Rabestein,
935 2025 985 2062 de
1002 2037 1080 2074 quo
1098 2025 1186 2061 vide
1206 2037 1294 2073 pag.
1315 2025 1399 2073 233,
1423 2032 1556 2063 annot.
1585 2036 1620 2070 23
1647 2033 1688 2062 et
1715 2026 1832 2074 epist.
1852 2024 1938 2071 336,

303 2096 342 2119 n.
362 2092 394 2120 1.

371 2146 386 2166 ³
435 2144 545 2180 Haec
563 2145 701 2180 melius
719 2144 991 2191 intelliguntur
1008 2157 1058 2180 ex
1072 2144 1134 2190 iis,
1148 2157 1248 2193 quae
1262 2145 1469 2192 Polaneus,
1484 2157 1534 2181 ex
1547 2145 1842 2189 commissione,
1859 2145 1938 2180 Ma-

304 2202 430 2239 dridio
447 2212 490 2248 25
510 2204 743 2240 Novembris
765 2203 855 2249 1563
871 2204 1041 2251 scripsit,
1065 2215 1164 2252 quae
1182 2198 1236 2240 ita
1260 2206 1419 2241 habent:
1441 2204 1674 2243 «Oluideme
1691 2204 1740 2240 de
1765 2204 1938 2240 escreuir

302 2273 351 2298 en
369 2263 406 2298 el
424 2268 508 2299 otro
525 2263 720 2310 despacho
737 2263 786 2299 de
805 2276 857 2299 un
874 2267 1031 2299 sermon
1045 2275 1123 2312 que
1140 2263 1228 2300 hizo
1242 2265 1277 2300 el
1292 2264 1476 2311 domingo
1494 2264 1660 2312 passado
1675 2265 1710 2300 el
1727 2265 1771 2299 P.
1787 2263 1935 2299 Salme-

302 2324 387 2367 ron,
404 2334 480 2370 que
497 2323 547 2359 de
565 2323 677 2359 todos
695 2322 760 2359 fue
780 2335 872 2370 muy
889 2329 1043 2370 acepto,
1062 2335 1088 2371 y
1106 2323 1425 2370 especialmente,
1443 2326 1465 2360 a
1482 2325 1520 2359 lo
1544 2335 1620 2371 que
1639 2323 1895 2359 entendemos
1915 2325 1937 2358 a

304 2381 361 2417 los
378 2381 428 2418 de
445 2383 482 2418 la
498 2371 638 2419 n'acion
654 2384 852 2430 espafiola3
871 2395 898 2430 y
916 2395 966 2418 en
989 2388 1096 2419 estos
1112 2383 1235 2419 dexos
1257 2382 1320 2419 del
1344 2383 1512 2420 concilio
1536 2394 1587 2419 no
1610 2384 1659 2419 ha
1683 2382 1825 2418 uenido
1844 2384 1935 2428 mal,

304 2452 396 2487 para
412 2441 592 2478 dexarles
608 2444 645 2478 la
662 2444 760 2479 boea
776 2442 903 2478 dulce.
919 2443 1099 2478 Trattase
1116 2454 1166 2478 en
1179 2444 1236 2478 las
1249 2443 1580 2490 congregaeiones
1592 2444 1797 2489 generales
1811 2443 1858 2477 de
1878 2454 1937 2477 re-

301 2500 533 2547 gularibuS,
551 2514 578 2549 y
595 2503 689 2538 hase
706 2503 829 2538 hecho
852 2503 995 2548 alguna
1012 2502 1191 2538 mencidn
1214 2502 1263 2538 de
1287 2508 1446 2538 nuestra
1468 2502 1696 2550 Compaflia.
1722 2502 1757 2537 Y
1781 2513 1936 2548 aunque

307 2560 508 2596 Balthasar
530 2561 647 2597 Mello
665 2573 740 2597 con
762 2563 926 2608 algunos
949 2566 1054 2597 otros
1078 2561 1220 2598 salidos
1243 2564 1267 2598 ό
1292 2562 1486 2598 hechados
1511 2562 1560 2598 de
1586 2563 1622 2598 la
1645 2561 1860 2608 Compaffia
1886 2572 1935 2596 an

300 2619 452 2656 andado
469 2620 657 2656 haziendo
672 2621 834 2668 platicas
852 2632 920 2668 por
938 2622 1101 2667 algunos
1118 2621 1167 2657 de
1186 2622 1243 2656 los
1264 2621 1494 2668 principales
1512 2621 1705 2668 perIados,
1726 2631 1793 2667 por
1809 2619 1936 2666 gratia

303 2680 352 2716 de
370 2679 465 2715 Dios
482 2679 558 2715 han
573 2679 726 2726 ganado
743 2691 855 2731 poco,
873 2692 900 2727 y
913 2692 964 2716 no
978 2683 1021 2716 se
1038 2681 1200 2716 hombre
1217 2680 1267 2716 de
1285 2680 1396 2716 todos
1414 2682 1472 2717 los
1491 2680 1669 2728 perlados
1686 2691 1762 2727 que
1780 2691 1855 2726 aya
1869 2680 1935 2714 ha·

301 2738 417 2775 blado
433 2739 591 2786 palabra
606 2739 780 2786 ninguna
797 2751 847 2775 en
863 2739 1070 2784 contrario,
1089 2739 1175 2775 sino
1192 2745 1304 2775 antes
1321 2751 1372 2776 en
1383 2739 1508 2776 fauor.
1528 2740 1680 2787 Porque
1695 2740 1731 2775 la
1748 2750 1839 2774 cosa
1857 2741 1934 2774 aun

301 2809 351 2834 no
380 2809 424 2834 es
452 2797 684 2845 coneluyda,
713 2810 764 2834 no
793 2809 923 2845 uengo
952 2801 1034 2834 mas
1063 2801 1086 2834 a
1115 2799 1172 2834 los
1202 2798 1468 2846 particulares.
1501 2799 1693 2834 Tambien
1723 2799 1878 2845 placera
1912 2799 1934 2833 a

301 2858 396 2894 Dios
414 2857 464 2893 N.
484 2857 525 2893 S.
544 2869 620 2905 que
637 2865 791 2894 seamos
808 2864 940 2905 presto
954 2869 1022 2906 por
1039 2859 1128 2904 alla,
1154 2861 1279 2905 segun
1302 2870 1379 2894 uan
1402 2860 1459 2895 las
1484 2870 1597 2894 cosas
1620 2857 1880 2903 acabc‘mdose,
1906 2869 1933 2903 y

303 2929 373 2965 por
409 2928 498 2954 esso
533 2916 653 2964 podre
687 2927 751 2953 ser
785 2922 894 2954 tanto
922 2920 1004 2954 mas
1034 2919 1205 2954 breue.»
1236 2918 1294 2953 Ex
1328 2918 1553 2965 archetypo,
1589 2918 1629 2953 in
1667 2916 1765 2953 Cod.
1808 2916 1933 2958 PLB,

303 2976 376 3014 203
392 2979 494 3021 (201,
513 2979 612 3022 202).
