2196 3522
0 2782 10 2794 .,

0 2915 15 2947 ᾗ

0 2949 14 3054 ξ

859 269 1082 307 ΑΡΡΕΝοιΧ
1713 269 1785 306 623

148 387 240 430 que
256 371 490 417 harmonia
505 371 754 417 decantari.
775 371 900 428 Quin
916 371 1052 415 etiam
1068 373 1297 430 sepulchri
1313 373 1498 418 Domini
1514 387 1636 417 noua
1646 387 1788 429 quae-

149 434 258 477 dam
287 447 340 476 ac
366 431 587 477 celebrior
616 432 779 484 forma,
811 431 1176 489 splendidiorque
1206 440 1416 486 ornatus,
1448 447 1541 476 non
1568 432 1790 476 modicam

153 506 349 550 magnae
370 491 628 536 deuotionis
650 490 934 535 occasionem
955 492 1123 548 populo
1143 492 1371 549 praebuit.

883 639 992 683 XIV
1039 639 1069 682 d

633 722 678 758 P.
698 720 938 768 JOANNES
964 640 1038 757 DE(
1059 720 1312 760 POLANCO

799 804 849 828 CX
866 803 1142 829 comIIIlSSlone

712 885 761 915 Ρ.
801 884 1005 925 JOANNI
1045 884 1240 916 DIRSIO

762 958 906 995 rectori
923 958 1185 1007 oenipontano

674 1036 897 1092 Tridenti,
924 1051 949 1094 3
972 1037 1081 1094 Maji
1109 1038 1219 1094 1563
1248 1040 1276 1081 ¹.

502 1126 564 1162 De
589 1126 772 1162 Terentio
784 1128 966 1174 purgato
984 1127 1029 1162 in
1045 1127 1187 1162 scholis
1203 1127 1440 1165 adhibendo.

329 1204 378 1250 Si
406 1204 614 1249 uideatur
643 1204 862 1247 utendum
890 1218 992 1249 esse
1019 1203 1233 1249 Terentio
1260 1205 1524 1256 emendato,
1555 1203 1701 1259 qualis
1738 1204 1795 1246 ad

163 1266 344 1309 Patrem
367 1264 575 1308 Natalem
604 1262 770 1307 missus
803 1270 872 1308 est
900 1263 1124 1321 (quamuis
1151 1263 1276 1320 prius
1303 1263 1616 1307 destinabatur
1643 1263 1699 1306 ad
1722 1278 1795 1307 re-

158 1331 331 1367 ctorem
354 1322 753 1379 monachiensem)‚
775 1322 899 1367 Patri
921 1330 1077 1366 nostro
1098 1337 1190 1366 non
1207 1322 1431 1380 displicet:
1457 1322 1634 1366 interim
1659 1322 1795 1366 etiam

157 1384 267 1426 dum
291 1383 404 1426 liber
424 1382 498 1426 ille
519 1381 775 1436 excuditur,
799 1381 950 1438 aliqua
976 1381 1208 1427 honestior
1238 1382 1443 1426 comedia
1470 1381 1670 1425 Terentii
1692 1396 1795 1438 pre-

158 1442 251 1499 legi
273 1448 424 1498 posset
447 1441 612 1498 pueris,
641 1448 690 1484 ut
711 1442 768 1485 de
790 1441 1278 1487 Autontimorumenos
1299 1441 1436 1486 etiam
1458 1441 1557 1484 sine
1580 1441 1666 1484 alia
1688 1455 1796 1497 pur-

156 1501 360 1558 gatione,
379 1515 465 1544 nec
482 1500 833 1557 permittendum
849 1508 971 1546 esset
987 1508 1038 1544 ut
1053 1501 1361 1547 dilaberentur
1383 1500 1511 1557 pueri
1534 1501 1591 1543 ab
1608 1500 1791 1552 scholis,

157 1567 341 1617 propter
363 1559 560 1604 auctoris
581 1559 712 1616 alicuj
721 1574 789 1612 us,
815 1559 892 1616 qui
909 1560 1203 1617 praelegitur,
1222 1561 1468 1613 defectum3
1490 1574 1593 1603 curn
1615 1574 1705 1602 non
1723 1573 1799 1603 so-

156 1621 228 1664 lae
248 1619 463 1676 epistolae
481 1620 675 1664 selectae
696 1626 743 1663 et
764 1619 1022 1673 Terentius,
1047 1621 1129 1663 sed
1151 1627 1196 1665 et
1217 1619 1291 1664 alii
1307 1619 1443 1664 etiam
1461 1627 1670 1663 auctores
1686 1633 1796 1676 pos·

154 1686 259 1724 sent
282 1678 551 1736 explicari...

895 1828 983 1871 XV
1016 1829 1057 1884 (a

610 1920 667 1956 P.
711 1920 1087 1958 HURTADUS
1129 1921 1343 1957 PEREZ

668 2001 797 2032 rector
830 1996 987 2043 collegii
1022 1996 1272 2034 tirnaviensis
1331 2031 1334 2035 ,

692 2088 833 2118 PATRI
866 2087 1047 2128 JACOBO
1080 2089 1255 2120 LAINEZ

617 2162 878 2217 Timaviae‚
911 2176 952 2222 '9
992 2164 1101 2220 Maji
1148 2166 1257 2220 1563
1300 2165 1333 2208 ³.

359 2254 420 2289 De
439 2252 678 2288 lustratione
696 2251 858 2299 collegii
874 2252 1136 2289 tirnaviensis
1153 2265 1179 2289 a
1198 2254 1247 2289 P.
1267 2253 1405 2290 Nadal
1417 2255 1598 2300 peracta.

331 2332 492 2375 Venne
514 2329 728 2383 adunque
749 2327 780 2371 il
807 2330 1077 2374 Reuerendo
1105 2330 1253 2374 Padre
1281 2329 1610 2382 commissario,
1641 2328 1718 2385 gia
1738 2328 1796 2371 da

160 2391 301 2434 molto
324 2396 476 2445 tempo
497 2389 556 2431 da
577 2387 652 2431 noi
673 2387 944 2441 desiderato,
968 2388 1042 2432 alli
1064 2389 1273 2433 uintiuno
1294 2388 1519 2445 d'Aprile,
1544 2395 1590 2433 et
1617 2387 1655 2431 si
1677 2389 1702 2431 6
1724 2402 1796 2430 re-

164 2450 342 2495 tardato
363 2448 551 2492 insieme
573 2461 658 2490 con
686 2446 762 2490 noi
790 2446 939 2490 insino
966 2447 1041 2490 alli
1066 2455 1248 2504 quattro
1275 2449 1332 2493 de
1362 2447 1570 2504 Maggio‚
1596 2447 1669 2490 nel
1692 2447 1797 2501 qual

164 2508 325 2566 giorno
348 2507 519 2550 ritorno
540 2506 586 2549 in
609 2506 727 2550 nella
748 2505 858 2549 citta
889 2505 935 2549 di
965 2506 1158 2551 Vienna.
1190 2507 1355 2563 Questi
1382 2506 1533 2564 giomi
1554 2521 1602 2550 se
1624 2506 1797 2562 occupo

161 2568 331 2611 i1·Rd0.
353 2567 500 2610 Padre
517 2565 563 2607 in
580 2564 841 2608 reformarci
856 2565 899 2610 le
915 2572 1070 2611 nostre
1091 2566 1297 2611 examine
1320 2567 1533 2633 generale
1549 2567 1634 2609 che
1656 2566 1797 2609 deue-

163 2641 299 2670 uamo
323 2624 471 2678 fares
459 2640 506 2668 1n
528 2625 750 2668 oscoltare
772 2624 814 2667 16
836 2631 990 2669 nostre
1018 2625 1315 2678 confessioni,
1345 2633 1391 2669 et
1417 2625 1465 2668 in
1487 2624 1596 2668 sarci
1618 2630 1797 2667 exorta-

162 2685 307 2738 tione,
340 2686 382 2728 le
411 2684 544 2740 quale
572 2697 709 2726 erano
737 2683 936 2727 secondo
966 2684 1011 2726 lo
1038 2683 1246 2728 instituto
1272 2685 1391 2730 della
1421 2691 1573 2728 nostra
1601 2684 1797 2739 Compa-

155 2744 279 2803 gnia,
304 2758 384 2801 per
405 2744 448 2788 16
480 2743 612 2798 quale
640 2741 683 2785 ci
710 2741 964 2798 insegnaua
989 2743 1033 2785 la
1061 2743 1304 2788 uocatione
1335 2751 1504 2787 nostra.
1536 2744 1597 2787 Se
1623 2755 1798 2798 occupo

154 2818 323 2848 ancora
351 2802 399 2845 in
429 2814 705 2859 cognoscere
733 2801 776 2844 16
805 2815 910 2846 cose
940 2802 1176 2858 temporali
1202 2803 1276 2846 del
1296 2810 1451 2846 nostro
1482 2801 1693 2858 collegio,
1717 2815 1797 2858 per

234 2913 244 2932 ¹
294 2910 354 2945 Ex
370 2909 561 2954 Regesto,
584 2907 679 2944 Cod.
701 2917 745 2953 33
771 2907 825 2953 c),
844 2906 912 2943 fol.
938 2915 1022 2953 295.
1046 2907 1149 2943 Vide
1173 2907 1288 2955 epist.
1314 2907 1398 2953 288,
1423 2920 1462 2944 n.
1489 2908 1524 2952 83
1544 2912 1585 2943 et
1602 2918 1691 2954 pag.
1710 2905 1794 2953 339,

158 2962 281 3027 anns„
285 2966 354 3040 ἐκ
372 2996 595 3051 apographo
609 3013 773 3048 coaeve,
799 3002 838 3038 in
861 3001 956 3038 Cod.
975 3011 1026 3048 29
1050 3002 1104 3048 c),
1123 3000 1170 3037 30
1193 3001 1306 3050 (382).
1331 3002 1432 3039 Vide
1451 3013 1580 3049 supra,
1599 3013 1690 3049 pag.
1708 3011 1794 3048 499,

157 3056 296 3089 annot.
319 3059 352 3088 1.
