2196 3522
359 293 407 328 44
921 278 964 312 P.
994 276 1183 311 NATAms
1210 275 1433 310 EPHEMER.

356 398 452 427 sem
473 380 797 438 impatientius,
828 379 835 437 Ι
861 377 1059 422 laceraui
1076 383 1228 420 tamen
1245 375 1344 419 illas
1359 374 1534 430 litteras
1551 382 1597 420 et
1613 374 1724 419 alias
1740 375 1900 433 scripsi
1915 391 1997 433 pa-

361 460 567 504 catiores.
1363 512 1365 515 Ι

444 536 745 593 Aegrotabat,
757 540 803 577 et
813 532 1085 590 grauissime
1101 531 1301 587 quidem,
1312 529 1530 587 magister
1547 530 1606 573 de
1617 530 1841 575 Montesia
1852 531 1990 575 domi.

357 612 553 670 Negotia
575 612 632 656 de
654 609 939 654 matrimonio
960 608 1182 666 magistri.
1210 606 1393 664 Sumpsi
1421 621 1585 663 aquam
1613 607 1786 663 aliquot
1813 606 1910 652 dies
1937 623 1995 653 ex

355 688 654 746 sarcaparilla.
680 687 812 731 Initio
836 701 977 742 quum
994 700 1067 729 me
1083 686 1315 730 videretur
1331 675 1507 737 iuuare,
1527 690 1574 727 et
1589 683 1762 741 largius
1779 685 1993 729 auderem

333 751 336 755 ⁵
355 765 557 826 pota[re],
583 765 704 809 sensi
721 764 968 808 excitatum
985 764 1261 807 catarrhum:
1287 761 1476 805 nimium
1500 760 1747 806 deterritus
1767 761 1843 805 illo
1865 776 1993 815 casu,

355 843 484 888 omisi
506 857 679 899 aquam.
702 841 791 885 Hic
813 840 982 885 sentire
999 839 1128 896 coepi
1144 839 1424 883 debilitatem
1435 837 1586 883 dextri
1602 837 1791 894 brachij:
1817 837 1997 896 incoepi

353 921 521 966 sentire
543 919 716 977 pollicis
738 918 886 963 dextri
908 917 1187 962 debilitatem
1210 924 1256 960 et
1277 916 1575 960 difficultatem
1597 915 1645 958 in
1673 915 1930 960 scribendo.

446 999 601 1042 Canus
623 997 878 1053 exponebat
899 995 947 1038 in
969 1009 1054 1038 suo
1079 993 1353 1038 monasterio
1376 993 1628 1038 Vallisoleti
1657 994 1731 1037 ⁷4
1761 993 1998 1050 epistolam

356 1076 549 1133 priorem
562 1075 619 1117 ad
637 1073 942 1124 Timotheum,
953 1078 999 1115 et
1015 1072 1186 1114 nullam
1194 1070 1432 1115 omittebat
1441 1070 1725 1114 occasionem
1742 1070 1998 1115 calumniae

356 1160 514 1197 contra
531 1150 824 1203 Societatem,
846 1148 1025 1193 tametsi
1047 1155 1201 1204 aperte
1223 1162 1313 1191 non
1337 1148 1518 1204 agebat.
1547 1148 1656 1190 Erat
1677 1147 1868 1192 Stradae
1889 1148 1998 1191 data

358 1229 516 1274 concio
532 1229 579 1271 in
601 1241 778 1271 summo
800 1226 969 1282 templo
992 1225 1199 1279 celebris;
1224 1224 1344 1268 illam
1362 1224 1529 1268 auertit
1550 1225 1608 1267 ad
1629 1239 1679 1269 se
1700 1225 1856 1268 Canus
1882 1228 1993 1268 con'-

357 1307 550 1358 cionem,
565 1306 611 1348 in
625 1319 714 1361 qua
730 1311 776 1348 et
788 1303 875 1347 alia
885 1304 1127 1346 aduersum
1138 1317 1241 1355 nos,
1255 1309 1302 1347 et
1314 1301 1426 1344 illud
1441 1301 1723 1345 nominatim:
1742 1303 1997 1359 «abnegate

357 1383 602 1435 hominem,
629 1381 706 1438 qui
727 1380 825 1426 heri
853 1380 998 1434 miles,
1024 1387 1094 1425 est
1129 1379 1265 1424 hodie
1302 1386 1534 1423 sanctus.»
1567 1380 1676 1435 Quo
1712 1381 1723 1401 ¹
1754 1379 1996 1424 maledicto

357 1476 449 1505 non
471 1461 665 1504 obscure
687 1458 908 1515 appetiuit
930 1460 982 1502 P.
1009 1459 1045 1501 F
1048 1457 1319 1510 ranciscum,
1345 1455 1423 1512 qui
1445 1457 1615 1500 aderat.
1641 1457 1786 1500 Multa
1813 1456 1997 1502 aliunde

356 1537 740 1594 intelligebamus,
766 1534 932 1591 quibus
953 1533 1143 1591 indigne
1164 1548 1248 1577 nos
1275 1533 1527 1590 accipiebat
1554 1533 1628 1576 hic
1655 1534 1827 1587 Canus;
1852 1534 1995 1577 multa

355 1615 454 1660 eius
470 1613 635 1657 sodalis
654 1615 803 1656 Penas
819 1611 967 1665 nobis,
997 1610 1003 1667 Ι
1032 1611 1100 1654 vir
1117 1610 1195 1654 illo
1212 1610 1419 1654 doctrina
1434 1625 1528 1654 non
1546 1609 1748 1663 inferior,
1769 1618 1816 1654 et
1827 1610 1996 1667 pietate

357 1690 698 1736 existimabatur
720 1688 892 1733 melior.
914 1687 1003 1731 Hic
1019 1687 1142 1731 domi
1163 1701 1346 1731 causam
1364 1694 1567 1731 nostram
1589 1688 1879 1732 defendebat.
1899 1689 1995 1732 De—

356 1766 572 1812 siderauit
593 1767 666 1809 hic
689 1772 842 1808 noster
865 1771 1178 1821 propugnator
1199 1764 1363 1808 instrui
1385 1780 1411 1808 a
1427 1765 1575 1818 nobis,
1595 1771 1645 1807 vt
1661 1764 1856 1821 paratior
1873 1772 1997 1810 esset

358 1846 578 1889 aduersus
615 1844 810 1896 Canum,
845 1849 933 1885 etc.
975 1843 1050 1885 Ab
1093 1843 1180 1885 hoc
1217 1841 1326 1886 item
1368 1841 1729 1898 impetrauimus,
1768 1849 1819 1885 vt
1845 1842 1994 1899 capita

353 1936 520 1973 rerum,
560 1934 676 1976 quae
713 1926 893 1962 notaret
929 1920 1101 1971 Canus,
1143 1917 1522 1972 communicaret3
1563 1920 1689 1974 quod
1717 1934 1809 1963 non
1845 1920 1993 1963 solum

357 1997 480 2050 fecit,
511 1997 591 2040 sed
628 1995 862 2052 respondit
899 1995 995 2051 ipse
1032 1995 1184 2048 etiam,
1215 1995 1417 2039 breuiter
1453 1995 1653 2051 quidem,
1683 1997 1817 2040 docte
1840 2003 1993 2040 tamen

357 2082 404 2119 et
425 2074 514 2131 pie.

445 2152 584 2208 Quod
604 2150 782 2193 initium
803 2149 1015 2194 habuerit
1035 2152 1123 2193 hoc
1150 2149 1304 2194 odium
1332 2151 1407 2194 vel
1427 2150 1667 2194 insectatio
1695 2150 1826 2204 Cani,
1862 2151 1993 2196 facile

355 2243 447 2272 non
464 2226 669 2271 dixerim:
689 2225 783 2269 scio
804 2226 929 2268 illum
947 2227 1211 2269 oblocutum
1228 2227 1285 2271 de
1308 2226 1538 2271 Societate
1552 2229 1623 2271 25
1639 2242 1779 2284 quum
1797 2227 1992 2284 primum

354 2304 479 2349 venit
508 2307 566 2348 D.
600 2305 766 2347 Torres
795 2302 1132 2356 Salmanticam3
1158 2310 1205 2347 et
1227 2310 1336 2346 tunc
1364 2303 1563 2360 quidem,
1590 2319 1694 2347 cum
1723 2305 1992 2349 admonere—

357 2389 430 2425 tur
461 2396 487 2424 a
524 2383 664 2424 Torre
701 2395 760 2424 ne
797 2379 1064 2424 innocentes
1101 2380 1360 2425 traduceret
1395 2381 1453 2424 ad
1489 2382 1724 2437 populum,
1758 2382 1989 2436 eludebat;

354 2458 652 2516 pollicebatur
667 2456 788 2500 enim
803 2471 852 2500 se
869 2455 1071 2512 proxima
1086 2456 1305 2501 concione
1321 2457 1608 2514 praeteritam
1625 2459 1987 2513 emendaturum,

353 2536 513 2580 eodem
535 2541 667 2586 teste,
693 2532 731 2576 si
753 2534 810 2576 ad
831 2532 1096 2578 concionem
1113 2533 1305 2587 veniret;
1330 2548 1421 2590 quo
1443 2549 1584 2590 quum
1604 2535 1781 2579 veniret
1803 2537 1987 2591 Torres,

355 2612 563 2657 acerbius
585 2625 720 2667 quam
737 2616 871 2654 antea
893 2610 1072 2666 agebat.
1106 2610 1373 2653 Existimaui
1402 2625 1490 2668 ego
1519 2613 1667 2657 zelum
1694 2612 1821 2656 illum
1849 2612 1991 2658 fuisse

355 2688 604 2747 religionis,
629 2702 765 2743 quem
786 2686 861 2730 ille
882 2701 991 2743 prae
1007 2701 1057 2730 se
1080 2688 1268 2731 ferebat.

443 2764 617 2810 Audiui
639 2771 792 2809 tamen
812 2762 939 2806 illum
961 2763 1212 2820 pupugisse
1228 2765 1386 2808 falsam
1403 2767 1644 2824 quamdam
1667 2766 1988 2824 suspicionem,

354 2843 477 2899 quod
492 2842 591 2887 eius
606 2840 933 2898 promotionem
949 2841 1006 2883 ad
1033 2839 1040 2898 Ι
1065 2839 1355 2897 pinguiorem
1366 2842 1674 2900 episcopatum
1692 2858 1828 2901 quam
1837 2845 1988 2889 Cana-

354 2919 448 2964 riae
482 2918 813 2975 interpellasset
840 2916 1062 2960 Araozius
1090 2918 1210 2973 apud
1243 2917 1492 2976 principem
1516 2920 1790 2978 Philippum.
1826 2905 1924 2965 «No
1939 2934 1992 2965 se

428 3086 439 3106 ¹
490 3083 586 3127 Ms.‚
606 3094 700 3130 qua.
