2196 3522
304 257 373 304 564
930 254 1065 289 EPIsT.
1093 253 1138 288 P.
1167 253 1318 291 NADAL

303 375 333 416 y
355 374 425 403 ser
447 358 646 415 prefecto
669 357 725 399 de
753 357 821 399 los
848 355 1024 398 studios
1050 370 1079 410 y
1107 356 1352 399 consultor.
1386 355 1416 414 †
1438 358 1555 414 Joan
1576 357 1779 414 (1613611.
1813 355 1936 413 [Alia

305 418 489 475 meamet]
534 418 812 472 Respuestas
854 415 927 459 del
971 415 1119 458 Padre
1162 416 1269 472 Jaen
1305 430 1413 471 para
1450 422 1634 460 nuestro
1671 418 1723 459 P.
1769 415 1928 459 Nadal.

323 479 396 529 ΙΙΙ,
429 477 508 519 108

307 478 320 535 1
400 549 435 579 1.
495 474 625 592 siuan
647 534 847 577 Manuel.
872 545 912 576 2.
941 534 1101 588 Tengo
1133 533 1249 575 edad
1277 533 1334 577 de
1363 533 1513 576 veinte
1540 548 1570 589 y
1607 535 1723 576 ocho
1760 539 1871 576 anos
1902 547 1933 588 y

304 597 386 638 dos
421 608 582 638 1116565.
626 607 667 648 3.
709 595 780 636 De
815 594 859 635 la
885 590 1119 648 prouincia
1147 592 1204 635 de
1232 591 1432 645 Castilla,
1458 593 1515 637 de
1539 607 1627 635 una
1647 592 1752 635 villa
1774 606 1863 647 que
1884 606 1932 635 se

307 656 439 697 llama
462 653 715 697 Treuifio...
741 653 825 695 Fui
848 650 1048 695 recibido
1071 665 1151 706 por
1172 651 1214 694 61
1243 653 1296 694 Ρ.
1328 651 1599 695 Villanueua
1631 654 1687 694 en
1716 652 1928 695 Alcala...

314 715 378 757 16.
406 714 568 757 Nuebe
590 728 619 769 y
642 711 841 755 medio...
866 723 937 753 22.
965 711 1121 754 Orden
1142 712 1198 754 de
1220 711 1483 766 presbytero
1505 725 1535 766 y
1556 711 1622 753 las
1643 711 1796 754 demas
1817 710 1935 755 infe-

305 773 464 816 riores.
499 785 569 827 23.
609 773 679 814 Yo
715 772 875 815 estube
913 785 970 813 en
1008 769 1167 812 Alcala
1194 769 1463 813 estudiando
1490 784 1546 813 en
1574 767 1617 813 la
1638 770 1886 825 Compania
1908 784 1937 826 y

306 832 542 888 occupado
579 846 636 875 en
674 829 844 873 officios
880 829 1008 884 bajos
1043 828 1172 871 cinco
1210 835 1337 881 anos,
1372 844 1402 884 y
1433 843 1491 872 en
1518 835 1615 872 este
1642 828 1792 872 medio
1819 829 1882 871 fui
1912 833 1938 871 a

308 893 497 934 Cuenca
520 895 546 933 a
567 890 859 933 conualescer
881 890 937 930 de
959 902 1047 930 vna
1070 889 1375 931 ensermedad:
1407 889 1464 932 de
1496 889 1655 931 Alcala
1686 888 1750 930 sui
1788 892 1813 931 a
1841 889 1939 932 Me—

306 950 414 993 dina
452 951 525 994 del
563 950 753 1005 Campo,
794 948 970 991 adonde
998 948 1099 1002 leya
1126 962 1215 991 vna
1243 947 1378 990 licion
1406 948 1462 991 de
1491 944 1714 1003 mayores,
1738 962 1768 1002 y
1790 946 1941 1003 predi-

308 1024 440 1062 caua,
466 1010 736 1052 consessaua
763 1022 792 1063 y
822 1022 898 1051 era
926 1013 1121 1050 maestro
1150 1007 1206 1051 de
1233 1006 1452 1050 nouicios.
1489 1008 1560 1050 De
1595 1006 1777 1050 Medina
1814 1007 1879 1048 fui
1915 1010 1941 1048 a

310 1071 488 1113 Ocafia:
514 1071 619 1123 aqui
642 1066 885 1124 predicaua
906 1081 934 1121 y
957 1066 1223 1109 confessaua
1244 1082 1273 1122 y
1303 1067 1366 1108 fui
1398 1065 1618 1108 ministro:
1650 1066 1707 1108 de
1734 1080 1790 1120 ay
1819 1061 1883 1107 fiii
1915 1069 1941 1108 a

310 1129 572 1180 Velmonte,
603 1142 632 1183 y
661 1127 734 1169 alli
765 1126 1005 1182 predieaua
1039 1140 1070 1180 y
1107 1140 1183 1169 era
1211 1124 1429 1181 superior.
1467 1127 1537 1168 De
1566 1126 1805 1169 Velmonte
1834 1123 1939 1167 vine

310 1193 335 1230 a
373 1188 560 1238 Toledo,
586 1187 671 1229 ado
708 1185 949 1241 predicaua
985 1200 1014 1240 y
1041 1185 1323 1236 confessaua,
1353 1199 1382 1240 y
1419 1200 1477 1228 en
1509 1183 1713 1228 diuersos
1750 1183 1941 1240 tiempos

308 1262 367 1291 en
395 1261 500 1289 casa
529 1246 637 1290 tube
665 1244 836 1288 osficios
864 1245 921 1286 de
948 1250 1142 1286 maestro
1182 1245 1238 1286 de
1275 1243 1493 1296 nouicios,
1532 1245 1588 1287 de
1623 1243 1843 1294 ministro,
1883 1243 1940 1286 de

310 1307 541 1350 confessor
569 1306 626 1349 de
662 1319 786 1347 casa:
819 1304 1013 1359 despues
1048 1303 1111 1345 fui
1149 1304 1191 1345 31
1228 1302 1382 1356 Villar,
1422 1303 1508 1346 ado
1544 1304 1673 1346 hazia
1709 1303 1751 1346 el
1789 1301 1940 1345 officio

309 1363 384 1410 (161
422 1372 590 1418 rector;
637 1365 831 1419 despues
874 1366 1002 1406 torne
1044 1366 1070 1404 a
1112 1363 1305 1417 Toledo,
1350 1363 1436 1406 ado
1479 1376 1618 1418 agora
1659 1368 1803 1417 estoy.
1847 1359 1938 1419 [HL

312 1437 417 1477 210,
444 1423 546 1482 211]

401 1484 477 1526 Ad
519 1482 711 1539 primum
748 1480 952 1537 joannes
993 1480 1231 1536 Marquez.
1279 1493 1320 1523 2.
1367 1481 1528 1523 Annos
1571 1493 1642 1534 34.
1690 1493 1733 1534 3.
1774 1479 1943 1534 Hispa-

312 1557 416 1594 nus,
441 1542 633 1594 beticus,
660 1541 715 1583 de
738 1540 1006 1584 Villanueva
1027 1540 1100 1582 del
1121 1541 1156 1582 F
1160 1554 1347 1583 resno...
1375 1550 1416 1593 7.
1444 1541 1494 1582 In
1516 1539 1687 1582 militia.
1727 1551 1792 1582 12.
1826 1539 1944 1583 Sunt

316 1603 408 1645 fere
452 1614 501 1644 12
541 1600 646 1644 anni
683 1602 852 1643 Romae
893 1606 1102 1655 receptus
1139 1598 1219 1652 fui3
1267 1606 1377 1641 tunc
1419 1598 1569 1654 primo*
1605 1597 1939 1641 examinatus...

321 1673 386 1714 14.
419 1660 770 1713 Diaconus.-15.
804 1660 988 1711 Romae,
1020 1658 1220 1711 Laureti,
1253 1657 1536 1714 Ingolstadii.
1575 1658 1641 1700 16.
1675 1656 1781 1700 Feci
1805 1657 1944 1700 semel

312 1719 527 1764 exercitia
549 1734 627 1775 per
649 1719 804 1763 decem
826 1717 922 1761 dies
943 1717 989 1760 in
1011 1717 1302 1760 xenodochiis
1325 1716 1410 1769 bis,
1435 1718 1575 1761 semel
1596 1730 1676 1773 per
1705 1724 1796 1759 tres
1829 1716 1943 1758 heb-

313 1779 531 1822 domadas
554 1785 599 1822 et
621 1778 761 1822 semel
781 1792 860 1832 per
883 1777 1085 1820 totidem:
1111 1791 1191 1831 per
1207 1791 1287 1820 sex
1304 1790 1482 1819 menses
1498 1775 1842 1827 credentiarius,
1863 1789 1943 1830 per

316 1853 484 1881 annum
507 1838 553 1880 in
575 1837 785 1880 cubiculo
809 1836 954 1879 Patris
977 1835 1157 1892 Ignatii,
1182 1851 1263 1892 per
1285 1850 1453 1878 annum
1470 1835 1517 1878 in
1533 1835 1667 1878 domo
1685 1833 1939 1885 cardinalis,

317 1913 394 1953 per
416 1896 648 1940 biennium
671 1896 717 1938 in
739 1895 863 1938 curia
885 1895 1006 1951 regis
1031 1894 1225 1951 Philippi
1249 1894 1495 1938 Bruxellisi
1514 1909 1593 1950 per
1615 1895 1799 1937 castella
1825 1892 1943 1935 circa

318 1959 503 2000 Romam
542 1955 675 1998 docui
718 1955 967 1997 doctrinam
1005 1953 1317 2008 christianam,
1357 1953 1637 2009 aliquandiu-
1658 1953 1945 1996 contionatus

318 2031 418 2059 sum
442 2018 613 2059 Romae
634 2014 680 2058 in
702 2013 974 2057 carceribus.
1002 2014 1185 2056 Laureti
1214 2013 1305 2069 legi
1333 2028 1413 2069 per
1440 2027 1602 2056 novem
1630 2026 1811 2056 menses
1839 2025 1947 2067 gra—

317 2075 546 2127 maticam,
587 2072 849 2130 Ingolstadii
886 2088 965 2128 per
1001 2087 1169 2116 annum
1198 2072 1542 2128 philosophiam.
1581 2082 1648 2125 17.
1680 2073 1731 2114 In
1763 2084 1948 2113 romano
2011 2083 2014 2087 ·

319 2134 514 2190 collegio
536 2148 615 2189 per
638 2141 728 2176 tres
750 2146 892 2175 annos
916 2131 1226 2187 philosophiae
1248 2146 1430 2187 operam
1458 2132 1587 2184 dans,
1619 2137 1666 2173 et
1692 2130 1739 2172 in
1767 2143 1948 2186 germa-

318 2193 420 2236 nico
448 2208 528 2249 per
555 2192 787 2235 biennium
820 2205 973 2233 curam
1001 2192 1172 2235 habens
1200 2205 1459 2246 puerorum,
1494 2197 1539 2234 et
1565 2189 1744 2234 interim
1773 2188 1948 2242 theolo-

318 2252 424 2309 giae
446 2266 627 2308 operam
651 2265 836 2294 navans.
868 2252 956 2306 [III,
984 2250 1082 2306 398]

415 2324 451 2354 1.
510 2311 714 2367 Jocmnes
750 2309 1030 2365 Mortaigne.
1064 2322 1105 2351 2.
1138 2309 1285 2352 Natus
1311 2323 1412 2350 sum
1441 2322 1559 2350 anno
1594 2317 1720 2361 1517.
1755 2320 1796 2361 3.
1835 2309 1947 2350 Bra-

319 2370 489 2423 bantie,
510 2370 700 2421 Gallice,
720 2368 911 2411 diocesis
929 2367 1185 2419 leodiensis,
1203 2382 1258 2410 ex
1275 2382 1396 2423 pago
1414 2368 1535 2422 quod
1552 2366 1803 2422 Lignacum
1815 2379 1947 2422 appe·

320 2431 508 2472 llatur.·..
551 2430 592 2472 6.
635 2431 787 2473 Unum
826 2429 1009 2471 fratrem
1046 2426 1215 2470 ordinis
1253 2425 1397 2469 sancti
1434 2425 1661 2469 Francisci
1691 2432 1736 2467 et
1769 2425 1947 2468 unicam

322 2503 520 2531 sororem
557 2488 794 2531 viduam...
843 2499 908 2540 Ι4.
951 2488 1000 2529 111
1038 2485 1288 2529 sacerdotio
1326 2500 1427 2528 sum
1464 2484 1551 2528 iam
1589 2483 1753 2540 viginti
1787 2498 1944 2527 annos.

328 2558 394 2602 15.
423 2547 575 2590 Primo
599 2545 787 2601 Louanij
813 2561 912 2588 sum
935 2545 1169 2601 ingressus
1191 2544 1480 2597 Societatem,
1505 2551 1551 2587 et
1571 2550 1673 2599 post
1690 2545 1805 2586 duos
1822 2557 1951 2585 men-

322 2622 394 2650 ses
417 2606 581 2650 missus
604 2608 806 2656 Romam,
833 2605 1078 2647 ubimansi
1105 2604 1152 2646 in
1181 2604 1314 2646 domo
1342 2603 1618 2659 probationis
1646 2616 1726 2645 sex
1753 2616 1948 2654 menses3

324 2665 487 2708 deinde
509 2665 555 2707 in
578 2664 771 2720 collegio
792 2671 894 2706 octo
917 2664 1163 2707 mensibus.
1192 2665 1356 2706 Postea
1377 2662 1541 2704 missus
1563 2676 1663 2704 sum
1686 2663 1950 2714 Lauretum,

322 2725 401 2767 ubi
424 2724 627 2768 habitaui
655 2723 856 2778 quinque
885 2723 1029 2765 annis.
1064 2725 1299 2766 Postremo
1336 2721 1501 2764 missus
1537 2735 1635 2764 sum
1674 2722 1951 2772 Tornacum,

324 2783 402 2826 ubi
426 2783 581 2826 habito
603 2783 691 2825 iam
714 2796 856 2825 annos
880 2790 971 2825 tres
993 2796 1096 2824 cum
1121 2792 1146 2835 7
1169 2780 1415 2824 mensibus.
1441 2779 1530 2838 [III,
1563 2779 1772 2837 139-142]

419 2856 456 2885 1.
515 2843 719 2899 Jocmnes
741 2842 958 2884 Nicolaus
980 2842 1175 2883 Domus.
1200 2852 1241 2882 2.
1269 2839 1461 2883 Circiter
1483 2852 1553 2893 30.
1582 2852 1623 2893 3.
1651 2837 1955 2882 Brabantinus

324 2902 569 2945 balenus...
598 2913 640 2954 7.
666 2901 854 2956 Semper
877 2900 941 2942 fui
963 2899 1212 2942 studiosus.
1245 2911 1311 2942 12.
1337 2900 1509 2943 Decem
1531 2897 1660 2941 annis
1682 2912 1783 2940 sum
1804 2895 1851 2939 in
1868 2896 1955 2940 So-

320 2960 503 3014 cietate3
529 2960 765 3016 ingressus
794 2973 894 3001 sum
924 2958 1156 3011 Coloniae,
1188 2957 1525 3000 examinatus...
1563 2969 1630 3010 14.
1663 2957 1774 3001 Sum
1802 2968 1954 2998 sacer—

321 3020 421 3062 dos.
454 3030 520 3074 15.
547 3018 631 3062 Fui
653 3017 869 3062 Coloniae
889 3032 969 3074 per
990 3018 1334 3075 hebdomadam:
1360 3016 1425 3060 sui
1448 3018 1606 3070 Rome,
1627 3014 1826 3068 Laureti,
1845 3014 1881 3057 F
1884 3013 1954 3055 lo-

2018 5 2029 24 ἢ]

2049 0 2091 41 *³³3

2087 67 2102 78 ,Ι
2086 0 2111 55 ἵίῳζ,

2118 178 2126 202 Α·
2131 58 2149 84 „4
2112 0 2138 42 ιι

2187 651 2196 669 μ
2188 627 2196 641 ,ι
2171 77 2196 621 ‘mm—affss-aemffifflffifflffissssaemsstm
2137 0 2196 72 ᾗ
