2196 3522
344 280 414 330 614
967 281 1105 318 Eris‘r.
1132 279 1179 316 P.
1204 279 1355 318 NADAL

345 383 422 429 die
444 381 637 441 insignis
659 382 842 440 quidam
864 384 1126 428 adolescens
1148 397 1252 426 cum
1274 382 1473 440 parentis
1499 396 1723 429 consensu
1752 381 1974 429 admissus

346 450 430 496 est,
464 443 630 488 nostris
658 443 1010 496 coloniensibus,
1034 457 1196 500 nempe
1218 444 1395 487 Busaeo
1422 450 1468 486 et
1494 443 1649 497 Fabio,
1678 444 1796 489 bene
1818 450 1968 498 notus,

339 504 539 561 Jodocus
562 503 684 559 Lips,
709 503 1024 556 bruxellensis,
1050 517 1160 559 puer
1176 502 1331 560 magni
1347 502 1535 559 ingenii.
1555 504 1626 548 De
1642 503 1843 548 bonitate
1859 518 1970 547 con-

347 562 570 606 uictorum
591 564 681 606 hoc
702 562 815 606 sciat
836 565 890 607 R.
916 564 994 616 V.,
1019 564 1106 606 hoc
1127 569 1330 619 tempore
1352 577 1508 607 omnes
1529 561 1711 606 omnino
1732 562 1795 606 ita
1814 577 1865 608 se
1886 578 1969 620 ge-

345 636 461 675 rere,
487 629 537 665 ut
559 637 651 666 non
675 622 842 677 uerbis,
868 637 959 666 non
980 621 1390 679 obiurgationibus,
1415 637 1507 666 non
1536 622 1625 665 ulla
1649 621 1891 666 seueritate
1912 622 1970 666 sit

346 696 474 738 opus:
502 682 761 738 frequenter
782 681 1133 735 communicant,
1156 681 1294 724 libros
1317 681 1355 725 si
1379 696 1495 737 quos
1522 682 1692 726 habent
1718 681 1970 726 haereticos

346 742 466 784 ultro
489 740 572 798 ipsi
595 742 868 784 comburunt
890 748 934 786 et
965 741 1182 785 lacerant:
1214 741 1416 798 gaudent
1443 740 1583 784 libros
1610 755 1719 785 suos
1740 755 1767 784 a
1787 755 1969 797 praece-

346 800 552 857 ptoribus
574 802 630 844 ab
653 801 880 844 erroribus
902 800 1108 858 purgari,
1139 800 1229 844 imo
1257 807 1387 857 turpe
1415 807 1534 845 esset
1562 806 1607 844 et
1636 800 1834 845 dedecus
1856 801 1973 846 uelle

346 859 580 905 obsistere.
606 860 654 905 Si
676 860 777 919 quis
799 862 917 905 forte
938 867 1072 913 esset,
1099 859 1176 915 qui
1196 867 1374 917 praeter
1389 867 1607 913 caeteros,
1627 866 1678 903 ut
1693 859 1971 914 insolentior,

347 935 373 963 a
394 926 686 976 praeceptore
714 927 971 974 notaretur,
1001 921 1058 963 ab
1086 919 1183 963 eius
1211 919 1441 963 consortio
1469 919 1542 963 alii
1570 933 1619 963 se
1645 918 1893 964 abducunt.
1925 918 1974 965 Si

347 979 448 1035 quis
472 981 607 1024 Pater
628 979 868 1024 Societatis
889 981 974 1023 hac
997 978 1171 1031 transit,
1196 979 1399 1036 gaudent
1420 993 1591 1032 omnes,
1617 993 1721 1022 eum
1739 985 1784 1024 et
1800 978 1971 1032 uidere,

347 1045 392 1083 et
422 1040 478 1082 ab
507 1053 562 1083 eo
590 1038 785 1095 aliquam
814 1038 1244 1082 admonitiunculam
1278 1038 1449 1083 audire.
1482 1038 1677 1083 Proinde
1710 1037 1787 1094 qui
1814 1037 1973 1082 transit

347 1100 433 1142 hac
467 1098 811 1143 conciunculam
849 1099 996 1143 facere
1032 1098 1212 1155 cogitur
1247 1098 1418 1142 nostris
1441 1097 1790 1142 convictoribus.
1821 1099 1974 1142 Pauca

347 1157 465 1210 dico,
492 1160 643 1212 Pater;
669 1157 762 1201 scio
785 1165 935 1202 tamen
957 1157 1238 1202 colonienses
1259 1165 1436 1202 uestros
1451 1157 1618 1206 mirari,
1637 1159 1745 1201 dum
1760 1159 1874 1202 haec
1890 1172 1974 1201 au-

346 1217 492 1261 diunt.
519 1217 743 1262 Exercitia
764 1217 1035 1261 concionum
1064 1224 1109 1262 et
1135 1217 1380 1262 lectionum
1411 1217 1579 1274 optime
1601 1215 1968 1274 progrediuntur.

348 1278 398 1320 In
424 1291 599 1320 summa
626 1277 754 1330 aede,
786 1293 812 1320 a
839 1277 985 1321 reditu
1006 1279 1064 1320 D.
1097 1276 1305 1330 Henrici,
1337 1292 1439 1321 cum
1463 1276 1791 1320 existimatione
1818 1283 1864 1320 et
1890 1290 1974 1320 au-

348 1335 568 1379 thoritate
589 1336 778 1380 accessit
806 1336 870 1379 illi
899 1335 1118 1393 copiosior
1141 1335 1396 1380 auditorum
1426 1351 1662 1390 numerus;
1693 1350 1843 1392 neque
1869 1351 1972 1392 par-

347 1410 434 1439 uus
455 1395 682 1452 colligitur
703 1397 893 1449 fructus,
919 1396 1302 1453 quemadmodum
1330 1395 1544 1449 indicant,
1570 1395 1647 1452 qui
1669 1402 1770 1452 post
1791 1395 1974 1439 concio-

347 1470 450 1499 nem
472 1455 619 1512 ipsum
642 1456 699 1500 de
721 1457 857 1500 rebus
878 1455 1181 1500 conscientiae
1203 1470 1312 1500 suae
1334 1455 1499 1511 alloqui
1521 1456 1688 1509 solent;
1718 1454 1792 1498 alii
1812 1456 1973 1500 haere-

346 1529 420 1559 ses
456 1515 704 1571 deponunt,
735 1515 809 1566 alii
845 1514 970 1558 dubii
1007 1515 1274 1568 redduntur,
1308 1515 1381 1558 alii
1417 1530 1517 1559 sese
1553 1516 1611 1558 ad
1646 1514 1974 1558 confessionem

347 1581 522 1631 parant.
554 1576 656 1618 Non
687 1574 835 1622 minus
863 1575 983 1631 apud
1009 1577 1068 1619 D.
1099 1576 1309 1619 Vrsulam
1337 1581 1549 1631 operatur
1575 1576 1702 1618 Deus
1727 1573 1974 1617 ministerio

348 1637 400 1678 P.
421 1633 610 1692 Joannis
631 1633 797 1686 Rethii,
823 1634 899 1690 qui
921 1634 1075 1691 populi
1092 1649 1259 1690 magna
1277 1634 1529 1690 frequentia
1544 1633 1868 1677 catechismum
1885 1633 1974 1676 illic

346 1693 545 1750 exponit.
571 1693 812 1738 Lectiones
833 1693 1106 1737 domesticae
1127 1708 1210 1737 suo
1233 1709 1356 1738 more
1373 1693 1739 1751 progrediuntur.
1760 1694 1835 1737 Ad
1856 1692 1974 1750 logi-

346 1767 444 1796 cam
467 1753 524 1796 60
546 1750 862 1807 ascenderunt3
888 1754 967 1798 sed
995 1754 1129 1796 modo
1157 1754 1308 1810 plures
1335 1761 1441 1797 sunt
1469 1754 1528 1796 ob
1549 1767 1643 1806 eos,
1673 1752 1750 1808 qui
1771 1759 1971 1809 postmo-

345 1813 453 1855 dum
481 1819 792 1866 accesserunt3
823 1812 997 1869 physici
1029 1812 1302 1858 recentiores
1329 1819 1436 1856 sunt
1464 1824 1535 1868 37.
1567 1814 1617 1856 In
1645 1811 1828 1868 reliquis
1855 1813 1972 1856 clas-

344 1872 470 1916 sibus
491 1886 686 1929 magnus
707 1871 841 1915 etiam
870 1879 939 1916 est
960 1887 1191 1917 numerus.
1219 1874 1318 1929 Ego
1345 1872 1391 1915 in
1413 1871 1593 1929 publica
1619 1872 1773 1915 schola
1795 1871 1971 1916 theolo-

345 1946 525 1988 gorum,
555 1946 611 1975 ex
639 1931 922 1976 ordinatione
950 1933 1005 1975 R.
1039 1934 1091 1975 P.
1124 1932 1318 1984 Natalis,
1350 1933 1494 1976 doceo
1521 1931 1669 1975 taliter
1698 1929 1888 1986 qualiter
1914 1930 1971 1974 li-

345 1993 478 2034 brum
510 1991 858 2044 sententiarum,
893 1998 1207 2038 controuersas
1237 1991 1373 2035 huius
1401 1991 1629 2048 temporis,
1660 1989 1809 2047 potius
1837 2004 1971 2046 quam

346 2050 654 2105 scholasticas,
680 2050 991 2107 quaestiones,
1017 2065 1134 2106 quae
1155 2051 1202 2094 in
1222 2050 1347 2095 hisce
1368 2050 1626 2094 hominibus
1654 2051 1740 2093 hoc
1768 2056 1972 2106 tempore

346 2111 496 2153 locum
532 2125 623 2153 non
654 2111 889 2163 haberent,
925 2125 1171 2168 exponens.
1211 2112 1440 2156 Numerus
1476 2110 1747 2163 auditorum,
1785 2109 1863 2165 qui
1899 2124 1973 2154 me

345 2177 609 2213 constanter
631 2169 821 2213 audiunt
851 2169 980 2214 facile
1013 2169 1323 2215 centenarium
1346 2169 1544 2227 attingit.
1571 2170 1666 2214 Ora
1688 2175 1738 2212 ut
1764 2183 1844 2225 pro
1872 2183 1972 2212 mea

346 2228 535 2273 infantia
562 2228 649 2272 illis
670 2228 957 2273 satisfaciam.
989 2229 1126 2275 Scitis
1153 2231 1320 2274 R,mum
1350 2236 1555 2274 nostrum
1583 2228 1680 2286 ipso
1701 2227 1774 2272 die
1803 2227 1971 2271 anima-

346 2303 446 2331 rum
475 2288 658 2332 obiisse.
689 2288 838 2342 Alius,
870 2289 947 2344 qui
974 2290 1108 2333 modo
1141 2290 1314 2334 electus
1350 2296 1447 2345 est„
1466 2290 1666 2333 decanus
1697 2287 1782 2331 fuit
1808 2287 1972 2331 summi

339 2348 517 2404 templi,
542 2349 689 2392 bonus
710 2347 794 2400 vir,
819 2348 1083 2401 catholicus,
1108 2355 1154 2392 et
1176 2348 1252 2405 qui
1274 2350 1568 2394 uehementer
1587 2349 1674 2392 hoc
1697 2361 1814 2391 onus
1834 2347 1970 2391 etiam

346 2422 451 2451 cum
479 2407 720 2464 lachrymis
742 2408 1030 2452 detractavit.
1068 2408 1118 2453 Si
1139 2408 1281 2452 nostri
1303 2407 1483 2465 collegii
1505 2406 1800 2464 patrocinium
1824 2406 1969 2450 susci-

345 2473 473 2523 peret
499 2474 545 2511 et
583 2466 821 2512 Societatis
858 2482 908 2511 se
941 2474 1179 2524 patronum
1208 2468 1396 2521 faceret,
1432 2467 1476 2510 in
1506 2470 1591 2511 hac
1617 2466 1802 2511 ciuitate
1829 2467 1970 2510 multa

345 2533 512 2583 posset.
535 2528 616 2570 Est
637 2526 757 2571 enim
780 2526 881 2571 talis
898 2527 1027 2572 cuius
1044 2528 1255 2572 uoluntas
1271 2534 1317 2572 et
1333 2527 1569 2585 imperium
1586 2525 1760 2583 impleri
1776 2525 1911 2571 debet
1936 2527 1965 2570 ¹.

417 2658 428 2678 ¹
478 2658 568 2707 Ms.,
587 2658 696 2694 debes
