2196 3522
268 286 341 329 562
872 283 1010 318 EP1sr.
1037 281 1081 317 P.
1109 281 1260 319 NADAL

268 383 439 427 landia.
461 418 469 425 .
491 418 499 425 .
538 395 608 427 12.
646 384 817 426 Romae
839 381 904 438 fui
925 388 1137 438 receptus
1169 383 1395 437 Patribus,
1420 384 1498 440 qui
1524 384 1572 428 in
1592 385 1725 428 domo
1747 392 1907 432 nostra

271 449 528 495 uersantur,
554 449 599 486 et
621 441 688 484 fui
710 449 819 484 tunc
841 441 1123 486 examinatus
1145 456 1171 485 a
1193 444 1328 487 Patre
1351 443 1568 487 Polanco.
1605 457 1676 498 14.
1709 446 1805 490 Nec
1826 460 1900 489 sa—

271 503 431 545 cerdos
453 516 570 554 sum,
595 515 679 545 nec
700 501 843 544 ullum
865 501 1011 544 habeo
1032 500 1201 544 ordinis
1231 501 1346 545 sacri
1374 503 1584 558 gradum.
1628 514 1698 558 15.
1730 506 1906 549 Romae

271 562 316 604 in
340 561 620 617 probatione,
645 560 899 604 Florentiae
920 566 966 603 et
994 559 1223 603 Monachii
1251 575 1303 604 ac
1332 561 1482 618 aliquo
1510 568 1711 629 tempore
1732 564 1900 621 Augu-

272 628 384 664 stae.
418 620 483 663 16.
513 620 808 663 Probationes
835 618 1095 664 Societatis:
1120 644 1180 651 —
1206 619 1241 686 Ι)
1271 620 1377 665 Feci
1398 635 1477 677 per
1506 620 1705 676 quinque
1726 623 1899 667 hebdo-

274 680 443 722 madas.
465 704 523 710 —
541 678 581 733 2)
605 678 785 723 Seruiui
807 692 885 734 per
908 678 1107 733 quinque
1129 679 1417 735 septimanas.
1443 705 1502 711 --
1520 681 1559 735 3)
1579 681 1904 737 Peregrinatus

274 753 374 781 sum
397 740 540 782 Roma
561 738 851 781 Florentiam.
884 763 941 769 —
963 738 1004 791 4)
1028 739 1247 782 Versatus
1270 750 1370 782 sum
1394 738 1521 794 quasi
1537 739 1716 783 duobus
1731 741 1900 786 mensi—

275 799 376 840 bus.
402 823 460 828 —
484 798 523 864 5)
547 797 730 842 Semel
719 812 766 839 1n
787 797 944 840 schola
967 796 1039 839 hic
1061 797 1211 849 docui,
1237 797 1346 841 alias
1367 813 1475 842 non.
1500 823 1558 829 —
1580 799 1621 855 6)
1644 799 1777 842 Domi
1800 807 1903 843 tan—

277 864 372 899 tum
395 856 690 900 concionatus
706 871 823 899 sum.
858 855 1011 913 .Legi
1034 863 1126 900 tam
1147 857 1268 899 domi
1289 871 1423 913 quam
1446 858 1493 900 in
1509 858 1680 901 schola.
1707 870 1772 913 17.
1795 861 1902 903 Par-

278 916 357 958 tim
380 915 426 958 in
448 915 626 971 studijs,
651 915 812 982 partim
842 915 887 958 in
915 915 1130 958 docendis
1151 916 1322 972 pueris.
1360 918 1430 960 18.
1463 918 1624 960 Habeo
1647 924 1751 961 vota
1773 919 1830 961 ab
1849 933 1907 962 eo

279 982 496 1031 tempore,
522 989 614 1030 quo
635 974 798 1018 missus
822 975 885 1017 fui
908 976 1048 1018 Roma
1077 975 1367 1030 Florentiam,
1399 983 1505 1019 sunt
1540 976 1599 1033 (ni
1628 977 1768 1033 fallor)
1791 991 1905 1033 qua-

279 1042 381 1077 tuor
403 1034 522 1077 anni.
553 1035 716 1091 [Mag]
750 1047 786 1077 1.
813 1035 939 1090 Lego
957 1034 1297 1102 grammaticam
1314 1035 1514 1087 latinam,
1540 1035 1751 1092 epistolas
1772 1037 1906 1081 Cice*

279 1093 416 1146 ronis,
441 1093 683 1149 syntaxim,
709 1094 981 1149 prosodiam,
1007 1094 1346 1149 grammaticam
1369 1109 1592 1151 graecam.
1608 1097 1710 1152 Jam
1728 1096 1911 1139 duobus

279 1152 409 1196 annis
430 1153 477 1195 in
498 1154 585 1196 hoc
605 1167 793 1195 munere
815 1153 1118 1208 praeceptoris
1141 1167 1311 1197 uersor.
1340 1154 1492 1198 Primo
1514 1155 1663 1197 medio
1680 1170 1799 1198 anno
1821 1155 1906 1198 mi-

280 1211 424 1254 nimos
446 1226 612 1268 pueros
634 1211 767 1255 docui
788 1212 956 1267 legere,
977 1213 1177 1255 secundo
1198 1214 1347 1257 medio
1369 1227 1488 1256 anno
1509 1214 1755 1268 Donatum3
1781 1221 1907 1270 post-

280 1285 333 1314 ea
356 1272 512 1315 eadem
535 1285 651 1326 quae
673 1284 810 1314 nunc.
836 1269 981 1328 [Sela]
1014 1284 1053 1314 1.
1096 1271 1260 1316 Literis
1286 1287 1467 1329 operam
1491 1273 1596 1316 dedi
1619 1281 1813 1328 quatuor
1835 1273 1911 1318 vel

280 1329 481 1386 quinque
525 1330 654 1373 annis
690 1337 794 1373 ante
822 1330 1077 1386 ingressum
1105 1330 1149 1373 in
1180 1331 1474 1383 Societatem,
1506 1332 1607 1384 sed,
1638 1332 1693 1388 ijs
1721 1332 1906 1385 relictis,

281 1403 353 1432 me
376 1390 653 1433 contuleram
675 1390 732 1432 ad
755 1389 925 1445 praxim
944 1389 1152 1442 aulicam,
1172 1397 1217 1433 et
1235 1390 1296 1433 ita
1313 1365 1474 1434 tradidi
1492 1398 1656 1434 cuncta
1673 1391 1907 1435 obliuioni.

282 1448 569 1493 Florentiae
558 1463 604 1490 1n
627 1448 818 1503 collegio
847 1448 1024 1505 incoepi
1053 1463 1078 1491 a
1106 1449 1535 1505 grammaticalibus,
1566 1457 1611 1494 et
1638 1451 1700 1494 ita
1722 1451 1908 1508 perueni

277 1509 338 1552 ad
361 1507 595 1551 retoricam
618 1514 663 1552 et
685 1484 992 1551 dialecticam..
1006 1507 1131 1565 .,[ΙΙΙ
1157 1509 1243 1567 619
1258 1510 1370 1565 632]

382 1579 418 1610 Ι.
476 1567 712 1624 Johannes
739 1568 1048 1623 Grangz‘anus
1069 1582 1221 1611 vocor.
1249 1581 1290 1611 2.
1316 1570 1477 1612 Annos
1504 1568 1754 1612 octodecim
1777 1575 1915 1613 natus

285 1641 401 1669 sum.
433 1639 473 1680 3
501 1627 612 1670 Sum
634 1625 817 1670 natione
838 1627 1002 1682 gallus,
1028 1626 1170 1682 patria
1196 1635 1241 1671 et
1269 1628 1530 1685 episcopatu
1552 1628 1906 1685 lugdunensis...

292 1697 359 1728 12
387 1686 592 1740 Quartus
614 1685 782 1728 mensis
805 1699 906 1727 cum
930 1685 1115 1729 dimidio
1137 1686 1302 1743 agitur,
1328 1687 1374 1731 in
1397 1702 1486 1743 quo
1508 1702 1608 1731 sum
1636 1688 1682 1730 in
1704 1687 1910 1732 Societa-

285 1753 375 1787 tem
398 1751 608 1800 receptus
636 1759 662 1787 a
693 1746 744 1787 P.
777 1744 1007 1797 Guidone,
1038 1747 1175 1790 Patre
1202 1747 1414 1802 generale
1441 1747 1742 1803 permittente3
1775 1745 1915 1802 idque

283 1803 329 1846 in
353 1803 594 1860 collegium
631 1802 1009 1859 billomense.14.
1051 1806 1154 1848 Non
1191 1820 1291 1849 sum
1319 1807 1545 1859 sacerdos,
1576 1820 1660 1849 nec
1687 1807 1744 1848 ad
1771 1806 1911 1849 ullum

284 1876 463 1905 sacrum
487 1862 689 1906 ordinem
712 1870 956 1918 promotus.
991 1874 1056 1918 15.
1093 1863 1178 1907 Fui
1206 1866 1442 1908 dumtaxat
1469 1865 1515 1908 in
1543 1865 1796 1908 billomensi
1816 1866 1907 1908 col-

284 1921 424 1978 legio.
452 1919 590 1979 [Sclz.]
619 1934 655 1965 1.
683 1922 951 1966 Octodecim
975 1937 1117 1965 annos
1139 1930 1273 1967 natus
1295 1939 1411 1967 sum.
1444 1926 1494 1967 In
1516 1924 1677 1980 studijs
1708 1931 1915 1967 versatus

285 1995 402 2032 sum,
430 1987 520 2024 tam
550 1980 870 2037 grammaticis,
905 1996 1038 2036 quam
1060 1982 1311 2036 rhetoricis,
1337 1985 1493 2028 decem
1516 1998 1738 2027 annorum
1767 1982 1915 2039 spatio

277 2040 386 2106 *plus
423 2039 588 2092 minus,
615 2039 775 2095 partim
814 2047 1054 2096 antequam
1094 2041 1139 2083 in
1177 2042 1451 2087 Societatem
1487 2043 1726 2099 reciperer,
1751 2042 1913 2099 partim

285 2098 332 2141 in
354 2099 543 2142 eandem
566 2106 789 2155 receptus.
816 2098 905 2156 [IIL
938 2099 1152 2159 728—730]

382 2170 418 2200 1.
477 2157 681 2214 Joannes
703 2159 996 2202 Hammonius.
1025 2172 1065 2202 2.
1099 2160 1247 2204 Credo
1276 2170 1348 2215 25,
1379 2167 1457 2204 aut
1486 2162 1557 2213 26,
1589 2168 1667 2204 aut
1696 2161 1809 2203 forte
1837 2171 1911 2213 27.

288 2229 329 2270 3.
376 2216 720 2273 Lotharingius,
768 2218 994 2271 tullensis,
1035 2219 1389 2263 rambertinus...
1443 2232 1508 2263 12.
1555 2221 1672 2264 Sunt
1715 2219 1917 2275 quinque

289 2289 393 2317 cum
416 2275 602 2319 dimidio
626 2283 704 2319 aut
725 2290 805 2320 sex
827 2278 995 2321 Romae
1017 2277 1063 2320 in
1085 2279 1237 2330 domo,
1263 2278 1328 2321 fui
1355 2279 1690 2323 examinatus...
1723 2291 1739 2322 Ι
1748 2289 1789 2333 5.
1821 2280 1888 2321 Ro

288 2349 438 2387 manO,
463 2335 693 2390 patauino,
719 2335 989 2389 ferrariensi,
1017 2337 1315 2381 turnonensi..
1327 2372 1335 2380 .
1368 2339 1433 2381 16.
1460 2338 1567 2382 Feci
1588 2337 1802 2382 exercitia
1820 2337 1915 2393 spi-

287 2393 466 2437 ritualia
489 2409 567 2449 per
595 2404 643 2448 15
668 2393 778 2438 dies.
805 2396 855 2437 In
877 2396 1074 2451 seruitijs
1096 2396 1355 2441 domesticis
1375 2412 1456 2453 per
1473 2412 1689 2451 mensem,
1709 2404 1796 2441 etc.
1817 2397 1914 2440 Do-

287 2452 361 2494 cui
400 2452 651 2496 doctrinam
689 2453 975 2497 christianam
1018 2470 1099 2511 per
1141 2470 1357 2500 mensem.
1401 2456 1570 2500 Audivi
1607 2456 1917 2500 confessiones

287 2511 415 2565 quasi
438 2527 517 2568 per
538 2512 653 2555 duos
674 2526 831 2555 annos
858 2514 973 2570 Legi
995 2514 1122 2569 quasi
1150 2530 1229 2571 per
1258 2522 1367 2558 tres.
1376 2529 1553 2559 annos..
1564 2517 1801 2573 .Joannes
1823 2516 1915 2558 Lo·
1949 2567 1954 2570 Ι

288 2569 542 2627 tharingus
570 2570 658 2627 [ΙΙΙ,
686 2571 786 2629 785]

383 2642 420 2673 Ι.
478 2630 683 2686 joannes
724 2631 980 2675 Herbetz'us.
1029 2645 1075 2675 2.
1128 2631 1335 2688 Triginta
1374 2647 1516 2676 annos
1557 2647 1656 2676 sum
1699 2639 1831 2676 natus
1871 2633 1907 2675 ¹.

290 2700 331 2753 3.
369 2688 529 2732 Gallus
565 2688 764 2741 natione,
806 2690 1090 2747 lotharingus
1127 2691 1374 2747 prouincia,
1414 2692 1557 2748 patria
1585 2707 1685 2735 mea
1712 2698 1781 2734 est
1808 2691 1918 2733 vrbs

285 2745 405 2790 inter
442 2749 588 2791 Metas
624 2754 669 2791 et
706 2749 974 2792 Verdunum
1011 2750 1111 2803 sita,
1152 2751 1274 2816 quod
1309 2749 1404 2809 [sic]
1442 2752 1631 2795 Stanum
1665 2757 1888 2794 vocatur..

295 2817 362 2847 12.
390 2807 529 2849 Anno
554 2806 931 2863 quinquagesimo
947 2816 1091 2861 sexto,
1112 2809 1255 2864 primo
1271 2810 1344 2854 die
1360 2810 1593 2854 Februarii
1612 2811 1674 2867 (vt
1690 2808 1912 2863 arbitror),

288 2865 507 2910 Coloniae
524 2880 625 2909 sum
643 2866 865 2910 admissus
883 2869 940 2910 ad
956 2868 1269 2923 probationem
1287 2868 1526 2914 Societatis
1543 2876 1737 2922 nostrae,
1757 2868 1914 2912 saltem

359 3006 369 3026 ¹
420 3006 505 3041 Hoc
523 3011 584 3041 est
601 3006 766 3052 primum
786 3018 963 3043 examen.
985 3009 1029 3044 In
1054 3009 1225 3045 seeundo
1243 3009 1297 3046 ait
1314 3021 1357 3046 se
1380 3009 1558 3056 attigisse
1585 3018 1629 3055 25
1653 3021 1794 3045 annum
1809 3008 1912 3045 circa

281 3049 427 3087 festum
446 3053 672 3089 Nativitatis
691 3055 787 3100 Jesu
806 3055 951 3091 Christi
969 3057 1018 3091 D.
1040 3057 1088 3092 N.
