2196 3522
362 292 433 338 678
979 294 1121 330 Epls‘r.
1153 293 1184 330 P
1193 320 1202 329 .
1235 293 1389 330 NADAL

364 408 528 450 gorum
552 394 813 451 Oeniponte
835 409 954 438 anno
983 396 1093 450 1563
1122 394 1281 450 habiti,
1306 395 1398 438 duo
1421 394 1705 451 potissimum
1729 395 1876 440 media
1899 410 2006 452 pro-

365 478 576 532 ponebat,
603 477 768 534 quibus
790 477 1026 522 victoriam
1050 493 1215 522 causae
1233 477 1481 522 catholicae
1498 477 1583 520 sibi
1605 477 1918 534 pollicebatur:
1938 480 2006 523 al-

366 566 512 603 terum
537 561 718 617 quidem
741 568 853 614 erat,
874 563 1126 606 Caesareae
1149 561 1376 618 Majestati
1399 562 1686 617 persuadere,
1708 568 1758 604 ut
1782 562 2007 620 theologis

366 643 423 685 ab
440 642 710 700 imperatore
727 645 1007 698 convocatis,
1022 653 1212 700 quartus
1229 646 1285 688 ab
1302 645 1400 702 ipso
1418 644 1579 688 nuntio
1596 645 1816 699 delectus,
1830 644 2006 701 episco-

365 740 451 782 pus
474 726 684 771 videlicet
706 728 972 784 petinensis,
998 729 1263 772 adderetur:
1295 729 1487 773 alterum
1515 727 1849 786 verovmedium
1877 728 1925 771 in
1952 742 2010 772 eo

365 808 502 852 situm
525 818 637 864 erat,
663 819 715 855 ut
740 814 819 855 «P.
848 812 1158 868 Hieronymus
1177 811 1350 856 Natalis
1366 811 1552 868 jesuita,
1587 811 1663 867 qui
1691 811 2009 856 Reverendum

367 893 420 935 P.
454 893 622 938 Lainez
652 894 699 937 in
721 895 871 939 Gallia
893 894 1134 938 comitatus
1157 897 1322 948 fuerat,
1349 894 1680 952 quamprimum
1703 894 2009 951 Oenipontem

367 974 668 1031 mitteretur»,
693 978 825 1034 cujus
849 978 1032 1034 quidem
1055 993 1239 1035 operam
1260 979 1393 1023 valde
1415 977 1500 1022 sibi
1525 977 1679 1022 utilem
1703 978 1902 1021 futuram
1923 959 2010 1020 mi-

367 1044 490 1104 nime
506 1057 759 1105 dubitabat.
786 1063 948 1118 Neque
968 1076 1067 1106 eam
1091 1061 1262 1106 caesari
1284 1061 1511 1118 ingratam
1533 1068 1798 1106 eventuram
1817 1060 2010 1104 arbitrau

367 1143 526 1196 batur,
577 1162 595 1184 «
619 1145 786 1202 quippe
822 1144 896 1188 cui
930 1145 1102 1201 optima
1136 1145 1194 1189 de
1230 1145 1381 1190 Natali
1423 1144 1574 1201 opinio
1611 1144 1752 1193 menti
1788 1145 2007 1195 adhaese-

366 1232 436 1269 rat
468 1234 707 1283 postquam
735 1242 839 1271 eum
867 1228 1047 1285 saepius
1083 1227 1287 1281 vidisset,
1329 1229 1519 1286 ejusque
1547 1242 1780 1272 sermones
1807 1225 2008 1271 audivis-

368 1317 463 1355 set»
491 1311 611 1368 (pag.
639 1312 755 1369 218).

458 1396 597 1451 Quod
618 1403 770 1439 autem
794 1396 918 1439 addit
939 1377 1167 1451 Dolfinus,
1204 1413 1221 1436 «
1235 1396 1447 1440 hauendo
1468 1410 1584 1440 anco
1605 1395 1793 1452 rispetto
1814 1396 1887 1438 ch'
1919 1394 2011 1452 egli

368 1477 434 1521 sia
450 1485 569 1522 stato
592 1480 693 1522 nele
712 1479 964 1523 trattationi
981 1479 1027 1523 di
1043 1479 1280 1532 Francia»,
1302 1478 1649 1544 intelligendum
1670 1484 1755 1532 est,
1775 1492 1868 1521 non
1890 1478 2012 1533 quod
2052 1478 2055 1481 ’

369 1560 528 1605 Lainio
550 1561 597 1604 in
619 1576 872 1619 congressu
899 1562 1124 1620 poissiaco
1152 1561 1392 1615 adstiterit,
1425 1563 1505 1606 sed
1533 1562 1679 1618 quod,
1705 1574 1760 1605 eo
1782 1561 2007 1614 absoluto,

367 1659 424 1689 ex
446 1645 667 1701 Hispania
692 1646 858 1699 redux,
891 1645 1100 1690 Lainium
1130 1645 1417 1700 convenerit,
1449 1659 1613 1700 resque
1644 1645 1701 1688 ab
1729 1644 1828 1701 ipso
1857 1649 2012 1701 gestas

366 1728 603 1772 commode
624 1742 680 1771 ex
701 1728 800 1785 ipso
821 1728 1071 1784 resciverit,
1096 1727 1361 1786 praesertim
1378 1706 1486 1772 cum
1503 1742 1608 1771 eum
1626 1728 1684 1772 ad
1701 1726 1914 1784 Belgium
1931 1741 2011 1770 us-

365 1825 454 1868 que
475 1811 719 1855 comitatus
741 1812 893 1856 fuerit.
919 1812 1054 1857 Unde
1077 1819 1178 1869 post
1202 1812 1452 1855 Polancum
1475 1825 1610 1854 nemo
1631 1810 1795 1855 melius
1826 1817 1873 1854 et
1899 1809 2011 1854 inti--

367 1893 484 1938 mius
510 1895 696 1952 negotia
723 1911 749 1939 a
776 1895 937 1940 Lainio
959 1896 1006 1939 in
1027 1895 1178 1940 Gallia
1205 1902 1433 1939 transacta
1460 1893 1717 1951 intelligere
1746 1893 1908 1950 potuit.
1941 1895 2010 1938 Ex

365 1977 532 2033 quibus
555 1979 685 2022 facile
706 1980 916 2035 sperabat
937 1980 1146 2023 Natalem
1169 1980 1490 2036 theologorum
1514 1977 1761 2021 conventui
1780 1992 1806 2021 a
1827 1991 2012 2022 caesare

366 2062 733 2118 aggregandum;
759 2062 829 2105 sin
852 2070 1004 2107 autem
1027 2062 1154 2106 illum
1170 2062 1399 2119 theologis
1414 2061 1614 2106 assidere
1631 2060 1816 2106 minime
1837 2058 2011 2104 caesari

365 2144 647 2201 probaretur,
669 2145 908 2190 utilissima
930 2146 1222 2190 nihilominus
1245 2145 1392 2190 officia
1408 2146 1465 2189 ab
1484 2145 1583 2202 ipso
1601 2145 1888 2202 praestanda,
1910 2150 2009 2187 tum

320 2284 322 2287 .
366 2230 487 2285 apud
522 2243 772 2282 caesarem,
806 2236 902 2272 tum
930 2230 1052 2286 apud
1082 2230 1347 2286 theologum
1377 2218 1618 2285 hispanum
1656 2227 1827 2271 ordinis
1863 2225 2011 2271 sancti

364 2312 400 2354 F
403 2310 611 2364 rancisci,
631 2318 727 2354 tum
750 2311 886 2355 etiarn
906 2312 1028 2368 apud
1046 2312 1334 2368 Staphylum,
1355 2318 1637 2368 compertum
1655 2311 1854 2355 habebat
1871 2309 2006 2368 (218).

454 2395 511 2437 Et
531 2396 618 2438 hac
639 2395 696 2438 de
718 2409 856 2439 causa
879 2395 1107 2449 Canisius,
1131 2402 1331 2439 mentem
1353 2394 1501 2438 nuntii
1524 2393 1694 2438 Dolfini
1716 2392 1877 2438 Lainio
1899 2406 2010 2450 ape-

365 2477 500 2530 riens,
529 2492 724 2534 eumque
746 2478 952 2531 laudans,
978 2485 1140 2535 utpote
1173 2485 1383 2522 «sanctae
1410 2477 1531 2522 sedis
1559 2476 1834 2534 apostolicae
1865 2477 2007 2519 fidum

364 2562 694 2615 defensorem»,
725 2563 838 2606 haec
867 2563 1076 2606 addebat:
1108 2562 1224 2606 «Hic
1260 2563 1422 2606 suadet
1459 2567 1674 2618 optatque
1711 2562 2010 2604 vehementer

365 2645 525 2689 adesse
542 2645 673 2688 nobis
689 2646 743 2689 R.
766 2647 820 2688 P.
841 2647 1067 2700 Natalem,
1087 2645 1242 2688 multis
1259 2637 1529 2702 magnisq'ue
1546 2645 1603 2687 de
1625 2643 1792 2696 causis,
1813 2650 1862 2686 vt
1877 2657 2010 2700 prae-

365 2727 518 2772 sertim
540 2706 720 2772 duobus
737 2728 851 2782 aliis,
873 2744 987 2785 quos
1004 2728 1114 2783 dixi,
1136 2728 1378 2785 theologis,
1399 2727 1531 2771 facile
1553 2727 1673 2790 inter
1695 2741 1744 2770 se
1761 2739 2011 2770 consensu-

363 2810 441 2865 ris,
480 2811 545 2854 vti
585 2813 885 2856 metuendum
918 2820 1004 2866 est,
1041 2827 1130 2870 ego
1168 2827 1241 2856 me
1277 2810 1445 2856 rectius
1482 2824 1713 2868 opponere
1749 2809 1934 2867 possim,
1968 2814 2014 2853 et

361 2894 480 2939 tueri
503 2895 858 2940 conuenientius
868 2885 870 2887 ‚
874 2895 892 2951 j
900 2910 981 2939 ura
1004 2895 1262 2940 Ecclesiae»
1291 2894 1419 2953 (218).

451 2977 602 3021 Finita
612 2978 725 3033 jam,
740 2979 821 3023 sed
834 2980 1038 3022 nondum
1058 2978 1315 3035 obsignata,
1329 2977 1519 3034 epistola
1536 2975 1794 3033 supradicta
1810 2975 1867 3019 ad
1881 2974 2011 3031 lega-

364 3065 439 3103 tos
461 3060 657 3114 concilii,
678 3060 862 3106 rescivit
877 3061 1068 3104 nuntius
1084 3076 1165 3118 per
1181 3061 1415 3104 doctorem
1432 3059 1653 3112 Seldium‚
1674 3059 1903 3115 expletum
1913 3054 2008 3119 jarn
