2196 3522
953 226 1174 263 APPEme
1228 277 1232 280 γ
1808 225 1881 272 659

243 330 473 376 Societate
494 344 629 386 quam
649 330 779 373 duos.
806 329 881 373 Ad
901 330 1015 372 haec
1041 328 1253 372 nolumus
1273 328 1424 384 plane,
1456 334 1508 370 ut
1534 333 1715 369 nostrae
1746 325 1878 370 aulae

243 390 454 434 homines
481 389 579 433 aliis
609 396 737 433 extra
765 388 1048 434 Societatem
1075 387 1386 431 sacerdotibus
1421 386 1741 438 confiteantur,
1766 385 1880 428 nulli

243 449 365 494 enim
395 449 471 507 (ita
498 449 651 506 agitur
679 462 751 493 res
777 447 823 491 in
855 454 1010 490 nostra
1036 446 1298 499 Germania,
1330 448 1443 503 proh
1471 445 1631 502 dolori)
1654 444 1878 488 sacerdoti

244 509 477 553 fidendum
495 515 579 562 est3
599 507 706 563 quia
722 516 801 551 aut
816 507 862 558 in
878 507 969 551 fide
986 513 1093 549 sunt
1115 506 1315 562 suspecti
1333 519 1492 550 omnes
1509 505 1619 557 fere,
1640 511 1719 546 aut
1739 503 1880 560 (quod

244 569 416 612 clarum
440 569 508 612 es't
530 567 753 622 omnibus)
775 565 948 610 indocti
978 572 1024 608 et
1050 564 1260 621 imperiti,
1285 579 1339 608 ac
1361 564 1456 607 uita
1478 562 1730 607 scandalosi
1753 570 1876 615 sunt,

243 627 381 670 immo
402 628 546 670 multo
568 641 645 670 eos
667 625 824 670 uideas
850 623 1094 681 ineptiores
1122 623 1261 680 laycis
1282 623 1407 680 ipsis,
1433 623 1495 666 ita
1523 629 1588 674 ut,
1620 622 1698 677 qui
1726 622 1875 665 adhuc

243 686 454 730 catholici
482 693 610 740 sunt,
641 686 698 729 ab
724 683 984 728 huiusmodi
1014 683 1104 726 sint
1140 682 1430 726 auersissimi.
1472 681 1605 726 Multi
1642 681 1730 724 iam
1769 688 1877 724 sunt

244 760 302 790 ex
322 753 477 789 nostro
499 744 692 802 gynecio
712 751 758 788 et
779 744 897 796 aula,
918 742 995 798 qui
1012 742 1244 798 sepissime
1266 756 1440 785 sacram
1461 740 1667 797 synaxim
1690 746 1878 783 sumunt

246 819 299 848 ac
326 804 448 848 uitae
468 805 616 849 bonae
638 803 863 848 tramitem
891 802 1227 859 ingrediuntur,
1252 802 1375 856 quod
1395 815 1505 844 sane
1525 800 1648 843 haud
1670 800 1814 852 fieret,
1840 799 1878 842 si

246 866 329 907 hos
350 865 465 907 duos
495 866 653 907 Patres
679 877 771 906 non
798 863 1083 906 haberemus.
1116 862 1214 904 Nec
1240 860 1443 917 cogitare
1472 860 1610 903 debet
1631 861 1688 902 D.
1717 860 1770 902 T.
1799 873 1879 902 eos

245 924 366 980 apud
387 938 470 967 nos
491 922 642 966 ocium
663 937 802 979 agere
822 920 996 964 inutile.
1023 921 1208 963 Habent
1237 934 1346 963 sane
1367 918 1477 962 satis
1507 932 1733 974 superque
1756 918 1878 972 quod

244 990 400 1039 agant,
426 990 476 1025 ut
496 982 662 1038 juuent
683 980 936 1037 proximum
959 993 1247 1035 quocumque
1268 979 1451 1023 demum
1475 984 1694 1020 terrarum
1719 976 1878 1020 uenia—

245 1055 362 1096 mus,
395 1041 635 1098 praecipue
663 1048 814 1083 tamen
841 1039 911 1083 his
939 1038 1210 1082 calamitosis
1238 1037 1404 1081 nostris
1434 1036 1735 1093 temporibus,
1767 1050 1876 1078 con-

243 1100 498 1152 cionantur,
530 1101 712 1152 docent,
744 1106 945 1151 monent,
971 1097 1162 1141 audiunt
1193 1096 1518 1149 confessiones,
1551 1110 1603 1138 ac
1631 1095 1718 1139 alia
1746 1109 1878 1151 prae—-

217 1165 381 1213 ‘stant,
422 1174 539 1216 quae
574 1159 837 1202 conducunt
863 1158 921 1201 ad
948 1156 1167 1201 ecclesiae
1194 1156 1466 1200 christianae
1497 1154 1871 1198 aedificationem.

244 1220 430 1262 Praeter
470 1220 584 1263 haec
623 1217 809 1270 omnia,
836 1218 1030 1274 populus
1072 1230 1289 1272 magnum
1332 1229 1442 1271 erga
1479 1229 1557 1258 eos
1595 1228 1791 1258 amorem
1831 1219 1878 1256 et

244 1279 446 1322 fauorem
467 1279 618 1322 habet.
646 1279 726 1320 Est
747 1276 868 1321 enim
890 1276 1092 1332 profecto
1121 1284 1166 1319 et
1197 1276 1360 1318 elamat
1390 1281 1589 1317 extrema
1612 1272 1874 1324 necessitas,

242 1338 498 1382 venerande
536 1339 686 1389 Pater,
718 1336 902 1392 ubique,
934 1342 984 1378 ut
1013 1335 1260 1378 habeamus
1287 1334 1443 1377 fideles
1471 1340 1516 1377 et
1546 1346 1678 1377 ueros
1706 1331 1877 1375 Christi

242 1411 415 1449 seruos,
440 1397 596 1451 quales
617 1404 740 1440 certe
761 1394 965 1438 inuenire
987 1408 1079 1437 non
1100 1393 1364 1450 poterimus,
1389 1407 1524 1447 quam
1542 1392 1587 1434 in
1613 1393 1698 1435 hac
1721 1390 1877 1435 Socie-

242 1462 351 1509 tate,
383 1455 494 1499 nulli
529 1455 648 1499 enim
685 1454 813 1499 alteri
838 1469 932 1498 2nos
969 1454 1242 1497 concredere
1279 1452 1514 1496 audemus.
1557 1450 1878 1494 Existimamus

240 1522 474 1570 praeterea
510 1515 643 1571 plane
680 1513 791 1557 nulli
820 1512 1115 1570 collegiorum
1145 1513 1239 1556 fore
1267 1512 1551 1561 damnosum,
1586 1510 1623 1552 si
1653 1511 1734 1552 hos
1762 1509 1879 1551 duos

240 1573 531 1618 retineamus.
553 1575 609 1616 Et
625 1572 711 1616 nisi
728 1587 814 1616 nos
830 1572 1022 1615 maxima
1038 1579 1084 1615 et
1106 1571 1350 1614 christiana
1366 1569 1614 1614 necessitas
1637 1583 1689 1611 30
1711 1581 1878 1611 causae

243 1640 460 1689 urgentes
482 1633 540 1676 ad
561 1634 648 1676 1100
669 1632 968 1689 impellerent,
994 1631 1120 1674 nullo
1143 1631 1276 1673 modo
1300 1631 1502 1686 profecto
1524 1628 1569 1670 id
1592 1643 1617 1671 a
1641 1629 1694 1671 T.
1716 1629 1774 1670 D.
1796 1641 1875 1683 pe-

243 1698 455 1736 teremus.
497 1693 600 1736 Non
640 1691 818 1737 uidetur
843 1690 979 1734 etiam
1008 1689 1139 1734 nobis
1165 1690 1426 1733 consultum
1455 1702 1539 1731 nec
1567 1685 1875 1731 necessarium

246 1758 295 1794 ut
316 1753 374 1794 D.
401 1753 454 1794 T.
481 1765 580 1795 sese
601 1750 649 1794 in
670 1753 756 1794 hoc
779 1749 971 1807 negocio
994 1750 1158 1794 referat
1179 1749 1236 1792 ad
1253 1747 1571 1805 probissimum
1589 1749 1724 1790 Dom.
1753 1747 1876 1789 Can-

244 1809 432 1863 nisium,
469 1809 611 1866 ipsius
658 1809 778 1854 enim
821 1808 1102 1853 ordinatione
1149 1815 1194 1853 et
1230 1806 1455 1851 sententia
1498 1807 1652 1862 (quam
1697 1812 1876 1847 nostrae

244 1869 450 1925 petitioni
487 1869 696 1914 timemus
725 1869 820 1912 fore
847 1867 1132 1923 contrariam)
1162 1874 1286 1912 certe
1313 1881 1404 1909 non
1434 1865 1601 1909 erimus
1630 1878 1714 1907 nec
1743 1864 1876 1906 uolu-
1934 1915 1938 1919 ῃ

244 1943 346 1971 mus
369 1943 468 1972 esse
489 1935 744 1972 contentae.
771 1929 926 1984 Quare
956 1942 1010 1972 eo
1039 1925 1357 1971 uehementius
1386 1931 1533 1968 motae
1564 1923 1732 1967 suimus
1762 1925 1876 1966 haec

244 1988 302 2030 ad
325 1989 378 2030 T.
405 1989 462 2030 D.
490 1987 781 2043 perscribere,
807 1987 940 2043 plane
961 1994 1195 2043 sperantes
1223 1984 1352 2029 nobis
1381 1986 1499 2027 hanc
1530 1991 1729 2026 nostram
1760 1981 1876 2037 peti-

244 2046 412 2090 tionem
435 2047 559 2090 nullo
580 2047 714 2089 modo
730 2053 1053 2090 recusaturam.
1075 2046 1379 2101 Quapropter,
1400 2042 1659 2087 venerande
1676 2041 1722 2084 in
1741 2040 1876 2084 Chri—

243 2112 315 2148 sto
337 2105 535 2159 domine,
559 2120 641 2148 nos
663 2119 819 2149 omnes
839 2119 1035 2157 summo,
1059 2118 1151 2160 quo
1172 2117 1433 2160 possumus,
1468 2101 1619 2145 studio
1647 2108 1692 2144 et
1721 2113 1875 2143 amore

244 2179 425 2208 oramus
447 2179 500 2207 ac
522 2166 815 2208 obsecramus
838 2171 887 2206 ut
914 2165 998 2207 hos
1024 2164 1139 2207 duos
1166 2161 1464 2219 supradictos,
1496 2160 1707 2205 nimirum
1732 2161 1849 2216 Joan

244 2238 349 2267 nem
371 2223 572 2267 Dirsium
595 2230 640 2268 et
662 2225 925 2268 Hermetem
948 2223 1170 2267 concedat
1191 2237 1368 2278 semper
1397 2220 1542 2271 nobis,
1576 2226 1757 2263 uestrae
1790 2219 1876 2262 So-

244 2282 524 2340 cietatiJesu
562 2282 876 2326 addictissimis
903 2281 1098 2333 filiabus,
1129 2289 1175 2326 et
1203 2281 1305 2324 illos
1333 2295 1425 2323 non
1455 2286 1631 2322 auocet.
1666 2279 1876 2321 Vestram

243 2341 597 2384 dominationem
634 2340 769 2385 huius
797 2356 887 2384 non
918 2340 1151 2397 penitebit,
1182 2340 1319 2383 immo
1347 2339 1444 2395 ipsa
1474 2340 1539 2395 (ut
1568 2350 1802 2393 speramus
1830 2334 1874 2376 in

243 2400 460 2456 Domino)
484 2415 532 2443 re
554 2400 650 2457 ipsa
671 2399 927 2456 experietur
948 2402 1096 2444 Deum
1119 2400 1262 2442 multa
1290 2399 1410 2441 bona
1436 2398 1481 2439 in
1513 2397 1615 2440 aula
1645 2403 1797 2438 nostra
1826 2408 1878 2436 ac

245 2459 437 2503 ecclesia
458 2459 679 2503 catholica
701 2474 780 2515 per
807 2459 931 2515 ipsos
958 2466 1266 2514 operaturum.
1298 2457 1346 2502 Si
1383 2459 1441 2500 D.
1483 2458 1537 2499 T.
1578 2455 1715 2498 sciret
1743 2467 1877 2508 quam

244 2518 500 2563 cordialiter
522 2526 568 2562 et
590 2519 869 2562 confidenter
890 2532 1082 2575 agamus
1102 2525 1148 2561 et
1178 2524 1402 2574 petamus,
1434 2514 1698 2569 neutiquam
1728 2512 1876 2563 nobis,

245 2578 368 2632 quod
395 2578 623 2634 cupimus,
655 2578 918 2633 denegaret.
947 2578 1086 2621 Certo
1114 2576 1298 2628 scimus,
1330 2574 1368 2618 si
1397 2589 1561 2631 parens
1589 2580 1742 2615 noster
1770 2570 1878 2615 dile-

246 2636 489 2689 ctissimus,
515 2636 614 2692 piae
641 2636 899 2690 memoriae,
931 2635 1106 2680 uiueret
1135 2635 1227 2692 (qui
1260 2633 1505 2690 singularis
1537 2632 1623 2675 fuit
1657 2632 1804 2673 fautor
1835 2636 1881 2673 et

245 2702 477 2751 protector
500 2695 638 2738 totius
664 2695 800 2738 huius
828 2694 1080 2750 Societatis)
1104 2693 1216 2737 nihil
1238 2693 1413 2750 gratius
1440 2692 1644 2742 haberet,
1677 2703 1821 2745 quam·
1842 2687 1880 2730 si

247 2754 355 2797 huic
376 2754 582 2811 petitioni
603 2761 785 2798 nostrae
806 2755 864 2797 D.
891 2755 944 2797 T.
978 2753 1301 2808 acquiesceret.
1327 2753 1431 2795 Non
1454 2749 1715 2793 dubitamus
1743 2747 1879 2791 etiam

247 2813 357 2869 quin
387 2813 554 2856 nostris
581 2813 794 2856 fratribus
821 2812 1032 2855 omnibus
1060 2826 1154 2855 rem
1193 2811 1326 2856 faciet
1357 2808 1678 2867 gratissimam,
1715 2806 1883 2861 quibus

248 2887 425 2928 semper
451 2879 497 2916 et
525 2871 800 2928 ubicumque
826 2885 1069 2928 possumus
1105 2870 1414 2927 paratissimae
1437 2875 1576 2911 totam
1606 2865 1882 2911 Societatem

247 2930 737 2975 commendatissimam
766 2931 915 2974 facere
943 2944 997 2973 ac
1022 2944 1291 2986 promouere
1318 2943 1410 2972 non
1440 2925 1734 2977 cessabimus,
1761 2923 1884 2979 quod

247 2998 374 3035 certo
401 2991 459 3035 de
486 2989 618 3034 nobis
644 3005 826 3047 sperare
863 2988 1065 3046 potestis.
1107 2987 1264 3032 Latius
1301 3002 1390 3031 non
1426 2985 1694 3037 scribemus3
1735 2984 1884 3026 solum
