2196 3522
951 267 997 305 ²5
1022 231 1126 304 MAJi
1152 258 1244 305 1563
1847 260 1920 307 293

278 360 467 406 lettione
486 360 534 404 di
556 359 785 419 theologia
806 360 853 404 in
881 360 1074 405 Vienna.
1110 361 1215 406 Non
1242 361 1485 405 habbiamo
1513 363 1709 406 anchora
1729 361 1775 405 di
1798 377 1914 419 que-

278 445 350 481 sto
371 437 563 495 risposta
594 439 623 481 ¹.

368 527 411 569 4.
475 515 606 559 Delle
621 528 726 558 cose
749 513 991 558 uniuersali
1013 516 1086 559 del
1106 514 1298 559 concilio
1324 530 1416 559 non
1438 518 1478 559 c’
1502 516 1528 559 e
1549 530 1655 560 cosa
1676 531 1830 560 nuoua
1851 518 1910 561 da

278 591 389 637 dire.
417 592 612 636 Modena
633 592 648 613 ¹
671 592 698 635 e
727 598 920 646 tornato,
952 593 1127 636 benche
1154 606 1246 635 non
1272 592 1311 635 si
1338 593 1472 635 crede
1494 594 1662 636 hauera
1685 593 1727 636 la
1748 601 1909 637 aucto—

279 668 365 712 rita
395 670 480 712 che
510 668 674 726 prima,
710 668 918 713 massime
949 683 1036 712 con
1066 668 1098 711 li
1128 668 1282 725 legati.
1320 668 1536 712 Tuttauia
1568 669 1606 712 si
1636 671 1830 726 procede
1862 671 1906 713 in

277 745 349 789 dir
371 745 402 788 li
422 745 583 802 prelati
610 745 714 790 delli
746 745 892 789 abusi.
927 747 1058 790 Delle
1088 745 1344 789 risolutioni
1375 746 1527 790 buone
1555 745 1600 789 di
1622 761 1704 789 sua
1734 749 1909 791 Maesta

277 823 351 866 col
380 822 579 866 cardinal
610 825 771 867 Moron
805 824 940 867 credo
966 825 1067 867 sara
1097 822 1272 866 auisato
1305 824 1362 866 V.
1395 823 1450 866 R.
1487 823 1546 867 Di
1575 824 1724 879 quelle
1751 823 1789 867 si
1817 826 1909 880 puo

277 914 433 957 sperar
449 899 526 956 piu
541 899 697 955 quieto
718 914 958 956 progresso
979 900 1096 944 nelle
1117 913 1224 943 cose
1243 899 1316 943 del
1333 899 1540 952 concili0‚
1562 900 1910 956 especialmente

277 991 326 1020 se
348 976 380 1019 il
401 991 517 1033 papa
538 977 674 1021 uuole
694 977 752 1020 da
778 977 948 1020 douero
974 975 1179 1032 publicar
1205 976 1249 1020 13
1276 975 1481 1030 risorma,
1506 991 1635 1021 come
1662 976 1699 1020 si
1721 977 1838 1030 dice,
1863 985 1909 1022 et

278 1053 389 1097 farla
410 1053 658 1110 esseguire,
684 1059 854 1109 quanto
876 1053 961 1097 3116
982 1067 1088 1098 cose
1109 1052 1155 1096 di
1177 1054 1326 1108 quella
1347 1061 1488 1106 corte,
1514 1054 1791 1098 attendendo
1814 1055 1905 1111 agl’

278 1131 390 1174 altre
411 1130 459 1173 in
480 1130 672 1174 concilio
694 1130 727 1174 ³.

369 1218 409 1262 5.
473 1209 545 1251 De
566 1206 756 1251 Francia
782 1208 975 1251 hauemo
1002 1205 1208 1251 riceuuto
1234 1207 1396 1251 lettere
1424 1207 1529 1251 delli
1551 1207 1708 1260 nostri,
1734 1215 1780 1251 et
1801 1207 1837 1251 si
1864 1208 1907 1252 fa

278 1285 416 1328 molto
438 1285 586 1327 fructo
606 1298 686 1340 per
707 1298 862 1329 mezzo
884 1284 994 1327 loro.
1026 1284 1059 1326 Il
1088 1286 1198 1328 M.r0
1227 1285 1435 1327 Emundo
1456 1284 1472 1304 ⁴
1494 1284 1612 1327 ando
1634 1284 1681 1327 in
1703 1284 1907 1328 Auernia

278 1375 359 1418 per
380 1361 626 1418 predicare,
652 1368 697 1406 et
719 1361 763 1403 lo
784 1362 842 1404 ha
871 1361 983 1404 fatto
1012 1375 1099 1404 con
1127 1360 1426 1417 grandissimo
1454 1375 1672 1405 concorso
1700 1369 1746 1404 et
1765 1361 1907 1405 sodis-

277 1437 482 1491 fattione,
503 1445 549 1483 et
571 1438 665 1482 cosi
687 1437 718 1481 il
739 1439 853 1482 Μ.ῐο
875 1437 1043 1482 Anibal
1065 1439 1080 1461 ⁸
1102 1437 1147 1480 in
1171 1438 1320 1493 quella
1341 1444 1460 1481 terra
1480 1438 1587 1480 olim
1609 1437 1741 1494 piena
1762 1438 1808 1481 di
1825 1440 1908 1482 he·-

277 1514 419 1559 retici.
446 1516 496 1558 In
518 1515 632 1558 altra
654 1516 717 1558 M.
745 1524 768 1549 0
783 1516 956 1573 Jacobo
978 1515 1164 1558 Morello
1192 1516 1225 1567 ⁶,
1258 1521 1304 1559 et
1323 1515 1417 1558 cosi
1438 1514 1544 1558 duoi
1573 1529 1600 1558 0
1623 1522 1691 1560 tre
1727 1515 1827 1558 altri
1849 1516 1908 1560 de

274 1591 433 1644 nostri,
458 1591 762 1648 predieauano
789 1591 834 1634 in
865 1591 1011 1636 Billon
1039 1599 1083 1635 et
1108 1592 1229 1645 sora,
1260 1599 1305 1636 et
1326 1591 1358 1634 il
1378 1591 1545 1635 vicario
1581 1593 1655 1636 del
1677 1592 1866 1637 Saluiati
1891 1595 1905 1615 ⁷

350 1707 358 1726 ¹
410 1703 509 1739 Vide
528 1702 643 1751 epist.
659 1711 741 1749 272.

345 1767 359 1785 ‘-'
411 1762 602 1809 Aegidius
621 1762 835 1809 Foscarari,
853 1761 907 1800 O.
930 1763 978 1798 Ρ.

346 1823 361 1844 ³
410 1823 454 1857 B.
471 1822 667 1868 Canisius‚
690 1831 731 1858 12
746 1822 836 1869 Maji
854 1821 943 1867 1563
957 1822 1132 1858 scribens
1150 1822 1198 1858 ad
1213 1822 1405 1869 Lainitim,
1420 1823 1517 1858 haee
1534 1822 1582 1858 ad
1595 1824 1743 1859 calcem
1761 1822 1904 1870 episto-

275 1883 334 1918 lae
361 1881 524 1928 addidit,
543 1881 722 1918 laudibus
751 1892 942 1918 exornans
968 1882 1202 1917 cardinalem
1220 1882 1422 1918 Moronum
1442 1883 1492 1918 ob
1514 1884 1709 1929 praeclara
1729 1882 1904 1929 ejusdem

272 1940 375 1988 apud
393 1952 588 1976 caesarem
605 1947 731 1987 gesta:
748 1941 988 1977 «Praeterire
1002 1953 1078 1976 non
1093 1953 1249 1988 possum
1263 1941 1367 1988 quod
1378 1941 1578 1977 Illustriss.
1594 1941 1814 1986 cardinalis,
1831 1942 1906 1977 etsi

274 2000 405 2036 multis
422 2000 482 2036 his
505 2000 644 2036 diebus
667 2000 911 2047 decubuerit,
936 2002 1130 2047 praeclara
1158 2006 1289 2036 tamen
1314 2011 1391 2036 non
1411 2012 1533 2048 pauca
1558 2000 1786 2046 confecerit,
1805 2012 1905 2048 quae

273 2060 339 2096 uix
362 2060 462 2095 alius
483 2059 663 2107 quisque,
687 2065 730 2095 ut
753 2059 902 2107 opinor,
925 2059 1165 2095 commodius
1191 2059 1294 2106 apud
1315 2071 1512 2095 caesarem
1530 2059 1782 2104 confecisset3
1807 2059 1907 2095 adeo

270 2119 420 2154 caesari
436 2120 590 2165 charus,
608 2119 839 2155 coniunctus
853 2124 893 2155 et
909 2118 1108 2154 familiaris
1124 2124 1202 2154 est.
1221 2119 1358 2166 Itaque
1371 2119 1557 2156 CHRISTO
1574 2119 1720 2165 gratias
1738 2119 1904 2165 agimus,

271 2178 337 2226 qui
355 2178 468 2214 nobis
486 2178 595 2214 illum
612 2179 688 2214 huc
706 2177 812 2214 misit
830 2178 1039 2221 medicum,
1058 2184 1098 2214 et
1112 2190 1180 2225 per
1196 2190 1312 2226 quem
1326 2179 1530 2225 opiniones
1549 2180 1671 2214 malae
1689 2178 1738 2214 de
1753 2178 1905 2225 synodo

273 2237 417 2274 iamdiu
434 2243 661 2284 conceptae,
681 2239 743 2274 uel
762 2238 986 2285 profligatae
1004 2243 1095 2273 sunt
1109 2249 1158 2273 ex
1175 2237 1427 2284 quorumdam
1446 2238 1599 2279 animis,
1614 2239 1676 2274 uel
1697 2237 1904 2273 admodum

273 2297 486 2343 mitigatae.
515 2296 684 2333 Difficile
702 2297 858 2345 quidem
882 2297 945 2343 alij
976 2296 1131 2342 fuisset,
1152 2303 1195 2332 ut
1214 2299 1327 2343 plane
1351 2297 1530 2343 arbitror,
1550 2302 1627 2332 tarn
1656 2298 1776 2333 multa
1801 2297 1903 2333 circa

272 2357 465 2403 synodum
482 2356 704 2404 impetrare,
735 2362 775 2393 et
804 2362 1031 2404 praesentes
1055 2356 1094 2392 in
1113 2357 1185 2391 1136
1210 2357 1297 2391 aula
1314 2356 1564 2392 difficultates
1595 2357 1696 2392 bona
1726 2368 1775 2391 ex
1793 2363 1901 2403 parte

272 2427 467 2452 amouere:
487 2427 560 2452 nec
576 2415 712 2452 dubito
728 2415 822 2463 quin
844 2427 1072 2473 progressus
1096 2414 1250 2461 concilij
1275 2416 1396 2451 multo
1417 2416 1468 2451 sit
1490 2415 1644 2451 futurus
1672 2415 1842 2456 suauior,
1863 2420 1903 2450 et

273 2475 313 2511 in
330 2486 406 2522 quo
424 2474 551 2510 minus
575 2474 692 2511 etiam
717 2475 864 2511 ualebit
886 2474 1127 2516 Quorundam
1151 2474 1380 2521 authoritas,
1403 2474 1470 2521 qui
1490 2486 1565 2510 non
1586 2485 1739 2520 semper
1763 2485 1899 2520 synce-

273 2534 373 2570 riora
390 2539 567 2581 spectant
584 2545 629 2570 ac
647 2534 926 2570 meditantur...
947 2534 1052 2570 Inter
1070 2533 1218 2581 reliqua
1240 2545 1334 2569 uero
1357 2533 1453 2569 illud
1479 2533 1649 2569 obtinuit
1678 2532 1898 2576 cardinalis,

274 2599 316 2629 ut
345 2593 384 2628 in
413 2593 558 2640 scripto
575 2593 757 2640 caesaris,
775 2593 879 2641 quod
896 2594 991 2629 alias
1015 2592 1116 2628 forte
1136 2593 1350 2639 mittemus,
1369 2597 1616 2640 expungatur
1634 2591 1728 2627 illud
1745 2591 1900 2638 saepius

271 2652 494 2699 repetitum:
524 2651 856 2688 Reformationem
886 2652 926 2688 in
947 2652 1074 2699 capite
1104 2657 1143 2687 et
1167 2651 1353 2687 membris
1376 2651 1593 2687 faciendam
1623 2662 1725 2686 esse.
1748 2649 1900 2685 Deinde

271 2712 409 2759 probat
426 2722 561 2747 caesar
579 2723 639 2758 ea,
657 2723 756 2758 quae
773 2711 950 2759 pontifex
968 2712 1007 2747 in
1025 2710 1270 2747 reformando
1287 2717 1438 2747 tentare
1462 2710 1628 2757 coepit.»
1651 2711 1708 2745 Ex
1726 2711 1903 2756 archety—

273 2781 335 2817 ρο,
355 2770 395 2805 111
414 2770 548 2817 Epist.
575 2769 745 2813 Canisii,
770 2771 802 2816 1,
825 2770 892 2806 116
909 2770 1023 2814 (300).
1044 2769 1143 2805 Vide
1169 2769 1287 2805 etiam
1304 2769 1419 2814 infra,
1440 2770 1554 2816 epist.
1575 2768 1659 2813 281,
1679 2780 1720 2803 n.
1749 2766 1808 2803 13.

341 2831 356 2851 ⁴
408 2829 618 2875 Augerius,
637 2829 686 2865 de
703 2841 780 2877 quo
797 2830 889 2866 vide
909 2831 1040 2878 Epist.
1067 2829 1223 2871 Natal.‚
1242 2830 1274 2872 1,
1292 2837 1377 2875 740,
1396 2838 1481 2875 741,
1500 2828 1585 2874 743.

342 2890 356 2911 ⁵
407 2888 647 2925 Coudretus.
666 2887 902 2936 Saepissime
916 2889 965 2925 de
980 2889 1046 2924 illo
1061 2888 1207 2924 mentio
1226 2887 1265 2924 in
1283 2889 1343 2925 his
1362 2889 1645 2925 MONUMENTIS
1662 2886 1765 2922 facta
1778 2891 1854 2922 est.

344 2949 359 2970 ⁶
410 2947 511 2983 Vide
530 2947 615 2994 ejus
633 2959 798 2984 examen
815 2948 855 2984 in
873 2948 1056 2996 append.,
1072 2949 1109 2983 Ι.

346 3010 358 3029 ⁷
407 3007 627 3043 Bernardus
645 3006 822 3054 Salviati,
844 3007 1048 3044 cardinalis
1073 3013 1113 3043 et
1138 3007 1343 3054 episcopus
1360 3008 1671 3043 claromontanus
1689 3010 1728 3041 et
1753 3005 1799 3041 S.
1823 3005 1895 3040 Pa-

276 3067 369 3112 puli,
388 3066 436 3102 de
454 3078 530 3114 quo
548 3066 598 3102 cf.
614 3066 866 3113 CIACONIUM,
885 3067 963 3104 loc.
986 3067 1070 3112 cit„
1089 3067 1141 3113 II,
1161 3065 1268 3101 1183.
