2196 3522
230 231 277 275 84
799 226 843 260 P.
873 225 1062 260 NATALls
1090 223 1311 261 EPHEMER.

236 329 483 375 Araozium
507 329 564 372 ad
587 328 736 371 aulam
758 328 816 370 de
834 328 971 371 rebus
994 325 1207 370 omnibus
1227 333 1279 370 vt
1300 341 1381 384 pro
1410 341 1482 370 me
1510 341 1694 371 causam
1726 333 1888 384 ageret

237 408 359 464 apud
379 406 683 462 hispalensem
705 411 751 450 et
774 403 988 460 reliquos.
1015 405 1058 447 Is
1080 418 1222 460 quum
1246 403 1472 461 redijsset‚
1499 403 1655 450 retulit
1670 419 1766 448 non
1785 418 1886 448 esse

242 485 364 540 quod
400 482 593 541 amplius
620 482 704 526 sim
732 481 937 526 solicitus
962 482 1023 526 de
1050 480 1314 538 hispalensi:
1351 480 1415 524 illi
1447 496 1549 526 esse
1583 481 1883 529 satisfactum:

245 562 369 617 quod
409 561 468 604 ad
516 558 848 611 visitationem,
902 573 1037 615 posse
1078 573 1151 603 me
1191 557 1376 604 visitare
1427 558 1673 603 Castellam
1713 565 1887 602 Vtram-

252 654 356 695 que,
379 645 468 682 etc.
501 639 527 682 ¹.

336 715 444 760 Fuit
464 714 574 759 mihi
596 717 683 759 hoc
721 714 920 760 edictum
958 713 1335 771 ingratissimum,
1369 713 1646 770 etlmirabar
1672 713 1680 773 Ι
1707 713 1888 773 quidem

251 808 342 836 non
377 806 511 849 posse
529 791 776 836 Araozium
800 792 929 848 plura
965 791 1200 847 consequi,
1235 791 1314 847 qui
1344 798 1523 835 tantum
1560 791 1735 837 valeret
1771 791 1893 848 apud

253 869 527 914 Rodericum
549 876 594 914 et
622 883 779 925 regem
807 876 855 913 et
884 868 1032 925 gratia
1061 875 1107 912 et
1135 868 1424 913 auctoritate.
1457 870 1592 913 Eram
1623 875 1777 914 tamen
1803 874 1894 912 tam

255 948 374 992 laeto
396 946 547 990 animo
583 960 635 990 ac
673 947 937 999 confidenti,
963 961 1099 1002 quam
1136 961 1386 1002 numquam
1410 952 1547 991 antea
1582 946 1631 989 in
1667 945 1897 992 Societate

256 1023 439 1069 memini
461 1038 533 1067 me
561 1023 717 1077 fuisse3
745 1038 862 1079 quae
879 1023 1089 1067 alacritas
1107 1023 1215 1068 fecit
1230 1030 1281 1066 vt
1297 1023 1435 1079 aliqui
1459 1023 1802 1081 suspicarentur
1823 1037 1896 1067 me

261 1116 316 1145 eo
332 1100 481 1144 animo
498 1115 614 1153 esse,
636 1101 759 1156 quod
775 1115 866 1144 non
884 1102 1115 1145 crederem
1131 1116 1241 1146 vera
1261 1114 1377 1153 esse,
1399 1115 1516 1156 quae
1533 1107 1796 1158 agerentur,
1815 1100 1898 1144 sed

261 1179 425 1232 efficta3
454 1178 578 1233 quod
598 1192 687 1234 ego
708 1178 959 1221 monstraui
974 1192 1108 1223 secus
1129 1193 1231 1223 esse
1247 1192 1383 1234 quam
1406 1179 1659 1222 crederent:
1692 1192 1765 1221 me
1781 1176 1898 1221 scire

265 1255 339 1298 illa
361 1270 469 1317 veta
488 1253 636 1313 [esse],
661 1261 708 1299 et
728 1262 777 1298 vt
799 1254 919 1300 veris
937 1269 1192 1300 occurrere.

263 1391 267 1397 Ι
356 1332 570 1376 Videram
593 1332 705 1376 168
732 1332 932 1376 animum
961 1333 976 1353 ³
1006 1332 1190 1389 Araozij
1221 1348 1333 1391 erga
1352 1335 1415 1391 δΡ.
1442 1333 1702 1390 generalem
1733 1339 1781 1376 et
1809 1334 1896 1376 Pov

269 1410 448 1453 lancum
484 1423 585 1454 esse
620 1411 957 1462 exacerbatum,
992 1411 1109 1454 adeo
1144 1417 1194 1453 vt
1225 1424 1459 1455 censerem
1491 1410 1814 1464 necessarium,
1853 1416 1904 1452 vt

269 1493 451 1531 narrata
477 1502 586 1531 vera
620 1486 772 1543 aliqua
798 1486 1066 1539 offensione,
1097 1501 1232 1543 quam
1261 1502 1350 1544 ego
1383 1502 1440 1532 ex
1467 1487 1555 1530 illis
1588 1501 1902 1544 conceperam,

269 1578 475 1607 curarem
496 1579 602 1608 eum
623 1579 651 1607 a
666 1578 739 1608 me
759 1579 849 1608 non
873 1563 1135 1617 obalienari,
1160 1565 1283 1621 quod
1303 1564 1491 1610 videbar
1511 1572 1801 1608 consecutus:
1821 1578 1907 1607 vo—

277 1640 361 1684 luit
382 1647 507 1686 certe
534 1656 607 1685 me
628 1640 866 1694 demereri,
898 1642 1020 1696 quod
1042 1640 1311 1698 suffragium
1334 1641 1444 1684 mihi
1471 1641 1686 1694 dedisset,
1713 1644 1910 1699 (contra-

275 1717 392 1760 rium
413 1724 574 1763 tamen·
593 1733 682 1775 ego
711 1724 869 1774 postea
895 1717 1051 1761 audiui
1078 1733 1104 1761 a
1134 1720 1185 1764 P.
1214 1718 1383 1775 Layne)
1411 1719 1534 1774 quod
1562 1718 1672 1762 mihi
1701 1718 1905 1763 fauisset.

365 1795 589 1839 Notabam
611 1802 764 1840 tamen
785 1794 936 1839 omnia
956 1794 1003 1837 in
1025 1795 1269 1852 ephemeri,
1295 1810 1412 1851 quae
1431 1795 1480 1840 in
1500 1795 1598 1853 ipso
1620 1795 1731 1839 mihi
1752 1795 1910 1852 displi-

279 1872 458 1924 cebant,
483 1871 601 1915 inter
622 1886 739 1927 quae
760 1871 871 1914 illud
893 1871 994 1924 fuit,
1021 1873 1145 1927 quod
1171 1872 1180 1931 Ι
1206 1873 1355 1916 adhuc
1373 1873 1388 1895 ³
1413 1872 1637 1918 retinebat
1652 1872 1907 1930 persuasio-

280 1962 384 1992 nem
405 1962 498 1991 non
519 1963 620 1993 esse
643 1951 695 1992 P.
723 1950 924 2005 Laynem
946 1950 1223 2006 generalem,
1247 1950 1400 2006 elapso
1418 1949 1627 1995 triennio.
1649 1950 1764 1994 Illud
1779 1964 1912 2006 prae-

280 2032 418 2077 terea,
445 2026 566 2080 quod
586 2025 818 2069 videretur
833 2025 1229 2070 commoditatibus
1245 2026 1376 2084 regni
1397 2026 1597 2072 externis
1621 2026 1796 2071 moueri
1817 2041 1915 2069 ma-

282 2100 369 2157 gis,
395 2101 541 2158 magis
563 2101 652 2158 illjs
675 2103 844 2155 fauere,
869 2117 1004 2158 quam
1033 2102 1275 2148 Societatis
1297 2103 1504 2147 instituto
1531 2111 1578 2149 et
1606 2107 1659 2148 P.
1691 2102 1919 2161 generalis

285 2177 586 2224 obedientiae.

374 2256 530 2312 Quum
552 2258 666 2301 haec
687 2256 750 2300 ita
777 2266 945 2309 essent,
979 2257 1118 2301 statui
1145 2266 1398 2303 extremum
1425 2258 1676 2303 remedium
1704 2258 1919 2302 adhibere

286 2332 392 2376 huic
414 2333 548 2385 malo,
573 2332 620 2376 id
641 2340 726 2388 est,
750 2332 814 2376 ita
834 2348 998 2391 vrgere
1021 2335 1265 2378 Araozium
1284 2334 1462 2390 acriter,
1481 2342 1531 2378 vt
1547 2335 1821 2380 dificultates
1837 2349 1919 2379 ex-

287 2408 478 2465 pediret,
501 2410 577 2453 vel
598 2410 731 2466 plane
757 2424 809 2454 se
835 2410 1031 2467 aperiret
1058 2411 1093 2466 ⁴,
1123 2419 1174 2454 vt
1202 2411 1364 2463 scirem
1393 2426 1484 2468 quo
1513 2413 1615 2456 loco
1647 2419 1768 2457 esset
1799 2413 1920 2470 apud

288 2500 360 2529 me
381 2492 428 2530 et
449 2486 724 2531 Societatem
746 2488 942 2530 futurus.
975 2490 1079 2532 Hoc
1106 2503 1247 2544 quum
1274 2490 1683 2546 aggreflssssderer,
1714 2504 1801 2533 nec
1825 2490 1920 2547 pla-

289 2570 445 2607 cerent
466 2578 583 2620 quae
603 2565 912 2620 responderet,
938 2566 1119 2609 admota
1139 2565 1271 2622 graui
1293 2567 1487 2622 quadam
1508 2566 1821 2624 impressione,
1840 2567 1922 2611 de—

291 2640 402 2697 stitj,
426 2641 540 2684 nihil
555 2640 748 2698 amplius
764 2649 1010 2697 expectans
1024 2642 1151 2685 illum
1173 2657 1356 2687 causam
1385 2658 1485 2689 esse
1513 2651 1713 2688 nostram
1742 2643 1927 2688 adiutu-

370 2863 379 2882 ¹
432 2861 693 2906 SAccmNth,
704 2856 783 2896 loc.
799 2860 884 2906 cit„
898 2873 937 2896 n.
956 2871 1019 2907 42.

366 2923 379 2941 ²
430 2921 476 2955 In
494 2931 568 2956 ms.
586 2920 662 2966 hoc
679 2920 844 2955 verbum
862 2919 1060 2957 iteratum.

366 2981 380 3001 ³
430 2980 528 3026 Ms.,
547 2980 603 3015 ad
618 2980 767 3015 adhuc.

364 3040 380 3060 ⁴
430 3039 519 3084 Ms.,
537 3039 738 3086 aperitur.
