2196 3522
915 245 936 281 5
963 235 1212 272 Novmmms
1241 237 1332 283 1563
1871 238 1941 284 435

307 335 372 393 gli
393 337 452 380 ha
473 335 593 394 spesi
613 339 655 380 et
668 337 755 393 pia
786 338 815 390 ¹,
841 344 886 382 et
909 337 953 381 io
973 351 1138 381 ancora
1154 339 1215 381 ho
1232 338 1441 383 riceuuto
1461 351 1549 383 2oo
1569 339 1718 383 fiorini
1741 340 1814 383 del
1835 354 1942 384 eco-

305 427 457 466 nomo,
481 420 528 457 et
551 426 602 468 31
627 414 701 457 dal
723 421 907 467 rettore,
931 415 1049 457 della
1070 415 1176 471 qual
1198 430 1374 460 summa
1391 415 1428 459 si
1445 431 1502 460 ua
1521 417 1742 461 fomendo
1758 417 1802 461 la
1818 431 1939 470 casa,

304 497 352 534 et
373 490 602 534 facendosi
623 491 667 536 10
684 506 814 547 spese
834 506 914 548 per
933 491 966 534 il
982 491 1098 535 uitto
1113 492 1161 535 in
1178 499 1305 536 tanto
1321 495 1407 537 che
1431 508 1648 550 uengono
1668 495 1704 536 li
1719 495 1908 537 termini
1925 494 1940 515 ¹

305 567 379 610 del
400 567 738 624 assignamento
765 570 822 613 de
851 570 966 612 2800
994 569 1161 613 fiorini.
1194 569 1256 613 Mi
1285 569 1406 614 disse
1435 572 1579 614 anche
1601 571 1858 615 l’economo
1879 570 1941 614 mi

303 645 501 688 darebbe
523 644 625 688 altri
653 658 734 689 100
755 645 902 689 fiorini
924 653 1094 703 presto,
1118 661 1193 690 ma
1214 661 1306 690 non
1328 649 1354 691 0
1377 654 1574 700 tornato,
1607 643 1692 692 che
1718 650 1744 692 0
1775 650 1942 693 andato

303 737 330 766 a
350 722 519 767 uedere
540 724 626 767 che
646 737 754 767 cosa
774 737 886 766 sono
906 722 1056 779 questi
1073 723 1242 767 rumori
1264 724 1310 766 di
1333 739 1500 781 guerra
1521 727 1606 769 che
1628 725 1674 768 ui
1691 740 1843 769 erano.
1866 726 1942 770 Ho

303 807 565 843 conuenuto
586 814 674 843 con
695 801 821 844 detto
841 814 1060 844 economo
1082 800 1126 859 (il
1148 802 1253 858 qual
1275 801 1335 845 mi
1358 817 1465 858 pare
1486 805 1655 846 huomo
1676 803 1733 846 da
1755 804 1874 848 bene
1894 810 1941 847 et

304 876 444 919 molto
476 875 762 934 intelligente
798 878 904 923 nell'
929 878 1078 922 officio
1113 879 1214 935 suo)
1237 878 1374 924 cheli
1396 880 1506 923 daro
1536 880 1579 923 13
1606 879 1710 923 lista
1737 880 1782 923 di
1821 887 1940 924 tutto

303 954 455 1008 quello
475 955 561 997 che
583 956 777 999 hauemo
798 962 1031 1012 comprato
1052 969 1132 1012 per
1152 956 1294 1000 uestit
1314 955 1344 999 li
1367 956 1525 1011 nost'ri,
1544 971 1625 1014 per
1640 956 1742 1000 libri
1761 965 1807 1002 et
1829 972 1930 1014 sup-

300 1030 531 1093 pellectili,
555 1038 600 1076 et
622 1033 708 1077 che
734 1031 967 1090 giudicara
991 1033 1054 1076 lui
1082 1032 1246 1097 istesso
1267 1035 1418 1090 quello
1445 1036 1530 1078 che
1552 1034 1592 1078 ci
1621 1049 1798 1087 manca,
1830 1043 1876 1079 et
1897 1036 1939 1078 ci

302 1107 412 1152 dara
431 1107 463 1151 il
484 1116 605 1154 resto
627 1124 707 1166 per
734 1109 902 1155 fornire
929 1118 1090 1166 questo
1117 1111 1311 1168 collegio
1332 1126 1411 1168 per
1434 1124 1492 1155 20
1513 1126 1721 1168 persone,
1752 1111 1782 1154 il
1804 1113 1937 1169 quale

301 1199 491 1230 numero
512 1185 574 1229 mi
594 1201 703 1243 pare
723 1187 770 1229 vi
783 1190 921 1243 potrd
936 1192 1036 1230 star
1053 1189 1068 1209 ³
1087 1202 1166 1244 per
1180 1189 1342 1233 adesso
1360 1189 1550 1245 (benche
1566 1196 1782 1232 stat-anno
1799 1196 1936 1234 stret-

301 1260 459 1306 tissimi
480 1262 534 1306 de
555 1267 712 1306 stanze
734 1264 750 1285 ⁴
772 1264 922 1308 finche
945 1264 1170 1321 possiamo
1197 1266 1367 1310 hauere
1394 1265 1673 1310 habitatione
1699 1266 1936 1323 maggiore

286 1353 380 1397 ⁴per
400 1347 591 1386 mettere
613 1340 644 1384 il
679 1356 869 1386 numero
904 1342 1082 1387 intiero.
1109 1344 1166 1386 Et
1188 1351 1358 1399 quanto
1387 1342 1464 1400 piu
1492 1358 1687 1387 saranno
1714 1343 1744 1386 li
1773 1342 1934 1397 nostri,

298 1432 493 1462 saranno
514 1420 660 1462 anche
680 1419 722 1464 le
744 1420 897 1464 schole
919 1419 996 1477 piu
1018 1419 1204 1474 aiutate,
1229 1421 1395 1478 perche
1411 1428 1635 1478 potranno
1651 1427 1877 1478 repettere
1894 1421 1938 1464 le

298 1494 476 1538 lettioni
494 1497 586 1553 agl’
610 1495 728 1549 altri,
753 1504 841 1541 etc.
1276 1490 1280 1494 Α

387 1583 428 1628 5.
494 1573 560 1618 Le
579 1588 711 1630 spese
732 1575 789 1618 de
810 1574 911 1634 libri
939 1575 1163 1632 separarei
1191 1575 1235 1619 io
1262 1575 1385 1633 dagl’
1411 1576 1523 1620 altre
1545 1577 1630 1620 che
1659 1575 1696 1619 si
1725 1576 1864 1619 fanno
1887 1575 1932 1618 in

296 1656 457 1705 questo
478 1642 697 1708 principio
717 1650 763 1694 di
785 1652 1084 1708 suppellectili
1106 1652 1153 1695 di
1170 1667 1275 1697 casa
1296 1660 1343 1696 et
1362 1652 1408 1696 di
1431 1653 1599 1698 uestire
1627 1653 1658 1696 li
1690 1653 1869 1706 fratelli,
1894 1652 1932 1696 si

297 1728 353 1771 V.
390 1728 437 1772 S.
463 1728 602 1772 Illma.
631 1727 672 1771 ci
695 1729 740 1772 fa
767 1730 875 1774 dare
903 1729 1376 1774 straordinariamente
1404 1731 1469 1773 fin
1495 1745 1521 1774 a
1552 1744 1637 1786 3oo
1669 1729 1821 1774 fiorini
1852 1745 1934 1787 per

294 1804 408 1849 detti
429 1803 546 1849 libri.
989 1866 991 1868 k

382 1883 425 1926 6.
491 1884 677 1939 Quanto
699 1885 785 1928 alla
806 1884 975 1937 chiesa,
1000 1884 1226 1941 possiamo
1248 1884 1445 1941 passarci
1475 1899 1554 1941 per
1583 1885 1763 1939 adesso,
1791 1886 1848 1928 ne
1868 1885 1929 1928 mi

293 1975 374 2016 par
390 1960 692 2006 conueniente
709 1961 828 2018 aprir
843 1962 885 2006 la
902 1962 1150 2018 porticella,
1170 1975 1299 2006 00010
1316 1969 1599 2018 permetteua
1615 1963 1673 2006 V.
1694 1962 1745 2007 S.
1766 1963 1927 2015 Illma.;

217 2084 222 2089 ,
292 2052 366 2081 013
387 2051 517 2083 00010
544 2037 603 2082 101
629 2037 695 2082 sia
723 2046 910 2094 uenuta,
941 2053 1028 2083 con
1049 2040 1092 2083 13
1120 2038 1265 2096 gratia
1294 2039 1352 2084 de
1374 2038 1544 2096 Signor
1565 2041 1651 2082 che
1672 2039 1714 2082 ci
1741 2039 1850 2083 dara
1872 2039 1931 2082 lei

292 2115 452 2158 istessa
488 2115 638 2158 chiesa
661 2120 702 2159 et
723 2117 738 2138 ⁵
766 2117 920 2160 buona
950 2115 1248 2169 habitatione,
1279 2123 1326 2159 et
1352 2115 1397 2159 io
1423 2117 1483 2159 ho
1512 2123 1767 2172 conceputo
1795 2116 1872 2173 gia
1898 2116 1930 2158 il

289 2192 467 2236 'modelo
489 2194 573 2236 che
595 2195 816 2237 conuerra
837 2208 864 2237 a
879 2192 954 2236 noi
976 2201 1023 2237 et
1044 2208 1070 2236 a
1092 2199 1211 2236 tutta
1231 2194 1420 2250 l'opera,
1446 2200 1492 2236 et
1514 2192 1690 2237 intento
1718 2192 1764 2235 di
1791 2194 1848 2236 V.
1875 2193 1925 2238 S.

291 2269 451 2322 Illma.,
475 2284 524 2314 se
546 2270 644 2313 cosi
665 2284 691 2313 a
712 2269 770 2313 lei
799 2273 973 2326 patera.

379 2357 420 2400 7.
487 2347 674 2403 Quanto
694 2348 737 2391 31
774 2348 937 2392 affecto
972 2348 1032 2393 de
1068 2349 1126 2391 V.
1166 2349 1215 2392 S.
1257 2348 1398 2391 Illma.
1425 2349 1511 2392 che
1547 2361 1626 2403 per
1660 2361 1742 2391 sua
1763 2347 1925 2391 lettera

289 2430 457 2467 mostra
477 2424 535 2468 de
556 2425 696 2468 molto
717 2425 775 2467 da
796 2438 846 2468 se
869 2422 1044 2484 uo[ler’]
1072 2424 1246 2469 aiutare
1262 2433 1424 2480 questa
1452 2439 1535 2468 sua
1556 2438 1709 2480 opera,
1742 2423 1925 2468 merita-

288 2507 440 2544 mente
460 2500 502 2544 01
523 2502 581 2544 (13
613 2502 752 2545 molto
782 2500 949 2554 animo,
980 2509 1280 2558 quantunque
1302 2501 1333 2544 li
1355 2515 1491 2557 posso
1521 2500 1617 2545 dire
1645 2514 1731 2543 con
1762 2499 1923 2552 uerita,

361 2638 370 2658 ¹
423 2636 535 2673 Prius
552 2637 739 2685 scriptum
757 2637 886 2674 fuerat
903 2638 1013 2673 assai
1024 2637 1115 2684 pia.

357 2698 371 2718 ³
422 2696 454 2732 li
470 2698 638 2733 termini
655 2697 812 2745 scripsit
828 2698 1019 2733 Polancus
1038 2697 1123 2738 loco
1152 2697 1360 2732 verborum
1379 2697 1415 2732 le
1434 2696 1622 2744 ungarie,
1648 2706 1748 2742 quae
1772 2696 1923 2730 cancel-

288 2756 367 2791 lata
384 2754 509 2791 fuere.

357 2816 372 2836 ⁵
422 2815 550 2851 Antea
579 2816 767 2863 seriptum
796 2815 925 2852 fuerat
954 2816 1132 2858 bastard,
1163 2825 1240 2863 quo
1266 2796 1412 2860 deleto,
1438 2816 1630 2851 Polancus
1655 2813 1811 2849 suffecit
1836 2813 1922 2850 eius

286 2876 372 2911 loco
390 2876 510 2910 verba
525 2875 569 2910 vi
580 2876 703 2922 potrd
719 2879 822 2912 star.

356 2936 371 2956 ⁴
420 2935 468 2970 de
485 2937 631 2978 stanze,
653 2946 675 2970 a
692 2935 862 2971 Polanco
879 2934 1068 2971 additum.

356 2995 370 3016 ⁵
419 2993 479 3028 Ita
496 2993 688 3030 Polancus
715 3005 785 3030 sua
808 3006 925 3030 manu
949 2993 1186 3030 emendavit.
1214 2993 1327 3030 Prius
1351 2999 1482 3030 autem
1507 2993 1695 3039 scriptum
1713 2991 1853 3028 fuerat:
1885 2993 1922 3028 ci

283 3053 388 3088 dard
406 3053 537 3088 buona
554 3052 798 3090 habitatione
814 3057 853 3090 et
869 3054 974 3090 dard
992 3054 1134 3089 ordine
1152 3053 1218 3088 che
1235 3053 1443 3088 habbiamo
1458 3053 1587 3088 buona
1604 3052 1778 3090 chiesa...
