2196 3522
358 274 427 321 528
604 251 608 254 ⁴
968 274 1106 310 EP1s’r.
1134 273 1179 309 P.
1207 273 1358 310 NADAL

356 384 423 420 ter
454 374 643 419 infirmis
675 375 1027 419 morientibus...
1060 375 1125 419 18.
1164 373 1315 419 Prima
1337 389 1420 419 sua
1451 383 1557 420 vota
1589 376 1695 421 fecit
1725 378 1991 435 Ingolstadii

353 434 400 477 in
429 435 546 478 festo
585 434 919 479 Purifieationis
957 433 1142 487 Mariae,
1181 449 1301 478 anno
1349 445 1510 490 1557...
1559 435 1710 480 Primo
1747 444 1990 493 antequam

351 501 471 538 esset
494 493 734 538 Societatis
754 509 873 537 anno
897 504 1004 549 1555
1034 501 1268 550 promotus
1289 500 1359 537 est
1389 493 1435 536 in
1458 495 1801 540 baccalaureum
1824 497 1987 541 artium

351 553 555 597 Viennae
583 553 811 597 Austriae.
854 552 923 597 2.⁰
959 560 1193 611 promotus
1233 559 1303 596 est
1339 552 1385 595 in
1421 553 1687 610 magistrum
1723 555 1902 609 artium,
1937 565 1991 600 ut

349 619 479 668 puto,
499 626 618 655 anno
656 613 761 667 1561
788 614 974 666 Romae,
1010 619 1056 657 et
1086 626 1205 655 anno
1238 612 1347 667 1563
1385 611 1431 655 in
1464 613 1695 657 doctorem
1731 615 1988 673 theologiae

351 671 573 715 ibidem...
607 672 790 728 Septem
825 672 954 715 annis
980 679 1059 716 aut
1093 670 1285 728 amplius
1312 672 1369 714 ab
1391 671 1579 717 ineunte
1605 679 1754 718 aetate
1786 674 1987 719 visitavit

350 731 495 774 scolas
523 730 714 787 patriae,
747 731 823 775 ubi
859 731 1139 788 potissimum
1174 745 1356 787 operam
1378 731 1517 784 dedit,
1537 738 1588 774 ut
1620 731 1755 777 sciret
1786 733 1984 780 scribere
2048 737 2057 747 “

350 789 617 834 bohemicae
638 824 647 842 ,
693 796 738 833 et
772 790 1099 834 arithmeticam
1142 797 1187 835 et
1228 790 1363 833 simul
1403 790 1622 847 principia
1662 793 1985 848 grammaticae

349 848 533 905 linguae
555 849 720 894 latinae
742 850 1017 894 addiscebat.
1041 852 1152 893 Post
1183 848 1407 894 Viennam
1429 849 1608 902 missus,
1628 865 1709 906 per
1740 852 1982 907 quadrien—

347 908 473 951 nium
505 908 848 953 humanioribus
879 909 1042 961 literis,
1082 908 1407 965 philosophiae,
1445 909 1774 954 mathematicis
1801 925 1983 967 operam

346 967 487 1021 dedit,
520 968 679 1011 ultimo
714 970 886 1012 Romae
917 983 1100 1012 cursum
1134 967 1445 1024 philosophiae
1472 975 1518 1012 et
1547 969 1800 1026 theologiae
1832 971 1983 1016 absol-

345 1027 465 1071 vit...
496 1028 547 1070 In
570 1027 811 1080 Societate,
832 1042 936 1071 cum
970 1027 1247 1084 pervenisset
1279 1028 1621 1084 Ingolstadium,
1646 1043 1727 1084 per
1756 1040 1781 1083 7
1805 1045 1984 1075 menses

345 1086 500 1130 docuit
528 1086 739 1143 epistolas
758 1086 1009 1141 Ciceronis,
1035 1086 1375 1143 grammaticam
1397 1087 1706 1143 Despauterrii
1739 1095 1785 1132 et
1806 1089 1981 1146 copiam

345 1147 587 1190 verborum
613 1148 665 1190 P.
701 1147 736 1190 F
739 1146 864 1203 rusij:
902 1148 1071 1190 Romae
1102 1161 1182 1203 per
1213 1145 1446 1191 biennium
1470 1146 1582 1203 legit
1603 1146 1862 1203 disciplinas
1883 1163 1980 1193 ma—

345 1258 478 1293 tando.
504 1257 718 1306 Siquando,
738 1263 892 1305 praeter
910 1270 1075 1294 examen
1099 1269 1321 1304 commune,
1340 1257 1426 1294 sive
1443 1258 1686 1305 hispanicum
1704 1260 1753 1304 (1,
1776 1258 1876 1307 789),
1895 1260 1981 1298 sive

344 1305 507 1341 latinum
525 1307 573 1349 (1,
592 1309 692 1352 792),
711 1306 962 1342 exhibebitur
980 1317 1144 1341 examen
1162 1306 1487 1342 'scholasticorum
1506 1306 1554 1352 (l,
1573 1305 1673 1352 793),
1689 1307 1751 1342 vel
1766 1309 1982 1354 magistro-

344 1365 437 1388 rum
455 1354 504 1399 (Ι,
523 1356 622 1398 794);
642 1353 682 1389 id
699 1353 934 1389 indicabitur
951 1354 991 1389 in
1009 1353 1170 1389 exordio
1186 1354 1324 1389 horum
1342 1354 1563 1389 examinum
1582 1355 1689 1390 hisce
1708 1354 1824 1390 notis:
1840 1355 1978 1403 [Sch.],

344 1400 503 1448 [Mag.].
525 1401 584 1436 Ne
602 1406 732 1436 autem
760 1403 882 1437 lector
906 1402 1071 1448 primum
1096 1402 1279 1437 volumen
1304 1400 1411 1436 adire
1433 1406 1612 1447 cogatur,
1633 1406 1675 1436 ut
1698 1401 1830 1437 videat
1848 1402 1888 1439 in
1906 1403 1980 1439 for-

344 1449 459 1484 mulis
481 1448 703 1484 examinum
726 1449 868 1496 quibus
892 1448 1262 1495 interrogationibus
1283 1447 1427 1495 singuli
1451 1449 1604 1485 numeri
1627 1449 1903 1497 respondeant,
1929 1463 1979 1488 en

343 1496 492 1532 illarum
510 1495 833 1544 (frequentiorum
852 1498 1007 1542 saltem)
1023 1496 1311 1543 compendium:

1969 1570 1979 1588 1

470 1650 689 1680 NUMERUS

836 1709 1340 1748 INTERROGATIONES
1371 1708 1626 1745 EXAMINIS
1657 1707 1937 1747 COMMUNIS

354 1750 567 1778 ¹formulae
588 1750 798 1778 formulae

400 1786 531 1814 latinae
611 1786 780 1821 hispanae

454 1931 468 1957 1
685 1931 700 1957 1
819 1918 907 1963 Quo
926 1917 1082 1953 nomine
1100 1922 1280 1952 vocatur.

449 1979 471 2005 2
682 1978 703 2004 2
819 1966 926 2011 Quot
945 1975 1065 2000 annos
1083 1970 1144 2000 est
1162 1970 1295 2000 natus.

449 2016 471 2052 3
681 2016 703 2052 3
818 2012 941 2058 Cujus
958 2012 1126 2049 nationis
1145 2018 1218 2054 est,
1238 2011 1474 2058 provinciae,
1489 2011 1697 2059 dioecesis,
1713 2012 1873 2060 patriae.

447 2071 470 2109 7
658 2073 701 2100 10
818 2061 945 2106 Quam
964 2060 1068 2096 vitae
1085 2059 1349 2096 conditionem
1366 2059 1502 2095 habuit
1515 2065 1605 2095 ante
1623 2060 1759 2096 initam
1774 2059 1946 2095 Societa-

863 2114 941 2143 tem
952 2136 959 2143 .

658 2166 701 2203 14
815 2154 894 2190 Cur
908 2155 1121 2201 ingressus:
1141 2166 1163 2190 a
1180 2165 1348 2202 quonam
1366 2153 1574 2190 admissus.

426 2215 468 2240 12
657 2206 699 2241 16
814 2203 1014 2248 Quantum
1029 2207 1182 2249 tempus
1196 2203 1370 2249 elapsum
1385 2202 1434 2237 ab
1447 2202 1640 2248 ingressu:
1656 2202 1722 2238 ubi
1736 2201 1940 2238 admissus.

425 2262 467 2298 14
653 2261 698 2288 22
814 2251 876 2285 An
895 2251 946 2286 sit
969 2250 1165 2295 sacerdos,
1184 2251 1247 2286 vel
1265 2249 1313 2285 ad
1330 2249 1500 2296 aliquem
1518 2249 1693 2285 ordinem
1708 2249 1942 2285 ecclesiasti-

858 2309 946 2333 cum
965 2302 1177 2345 promotus.

424 2357 465 2392 15
651 2346 697 2383 23
812 2346 855 2380 In
873 2347 1014 2393 quibus
1031 2344 1208 2391 collegiis
1225 2343 1434 2380 habitavit.

422 2396 465 2431 16
630 2395 686 2440 18,
708 2403 751 2441 19
811 2393 919 2438 Quas
937 2393 1186 2440 probationes
1204 2391 1244 2427 in
1259 2391 1454 2427 Societate
1472 2390 1606 2427 subiit.

422 2451 464 2488 17
650 2441 695 2478 23
810 2441 853 2476 In
871 2441 1012 2488 quibus
1030 2446 1231 2487 praeterea
1248 2440 1365 2474 rebus
1383 2439 1434 2475 sit
1452 2443 1644 2485 versatus.

422 2491 463 2526 18
653 2498 694 2535 17
809 2489 871 2524 An
890 2494 980 2524 vota
997 2489 1139 2523 habeat
1153 2486 1378 2523 Societatis.

398 2633 594 2669 Foliorum
617 2631 787 2676 numeri,
811 2631 877 2677 qui
901 2630 1052 2666 uncinis
1075 2629 1272 2676 quadratis
1303 2629 1342 2664 in
1364 2628 1443 2664 fine
1466 2627 1655 2674 cujusque
1679 2628 1868 2664 examinis
1889 2640 1956 2676 po-

325 2687 484 2726 nuntur,
499 2679 695 2727 pertinent
711 2679 759 2713 ad
772 2678 926 2714 codices
941 2678 980 2713 in
993 2677 1149 2713 archivo
1163 2677 1206 2712 di
1221 2677 1333 2711 Staio
1351 2677 1496 2711 Romae
1513 2682 1734 2711 asservatos
1744 2702 1752 2710 .

397 2728 619 2764 Notandum
637 2727 794 2772 insuper
812 2731 872 2761 est
890 2726 928 2760 in
947 2724 1140 2772 aliquibus
1159 2722 1404 2759 examinibus
1418 2723 1688 2759 communibus
1700 2722 1861 2769 reperiri
1878 2724 1952 2759 sub

323 2776 440 2811 finem
459 2775 643 2811 nonnulla
660 2784 844 2820 responsa
861 2773 909 2808 ad
933 2784 1097 2808 examen
1121 2772 1413 2818 magistrorum
1439 2772 1502 2806 vel
1525 2772 1850 2807 scholasticorum
1866 2781 1951 2818 spe-

323 2824 483 2869 ctantia,
503 2828 544 2858 ut
563 2821 697 2858 videre
715 2827 775 2856 est
794 2820 832 2856 in
851 2820 1031 2856 examine
1048 2819 1258 2855 Adalberti
1274 2819 1447 2854 Bautek.

395 2870 511 2916 Quod
528 2869 576 2905 ad
595 2874 748 2915 tempus
772 2868 926 2909 attinet,
952 2879 1029 2914 quo
1053 2865 1233 2902 examina
1256 2867 1352 2901 haec
1376 2865 1519 2911 scripta
1543 2864 1670 2909 fuere,
1693 2876 1771 2900 non
1794 2874 1948 2910 semper

322 2924 474 2953 constat
490 2918 529 2952 in
547 2917 656 2963 ipsis.
677 2915 829 2951 Scimus
844 2921 974 2950 tamen
989 2927 1049 2957 ea,
1064 2925 1162 2961 quae
1176 2913 1376 2960 hispanice
1391 2913 1535 2959 scripta
1550 2918 1654 2956 sunt,
1670 2911 1752 2947 fere
1765 2910 1814 2947 ad
1826 2921 1948 2946 annos

325 2965 411 3009 1561
433 2967 495 3001 vel
518 2964 607 3010 1562
625 2968 815 3010 spectare:
836 2968 1004 3008 caetera,
1023 2961 1163 3008 partim
1182 2961 1292 2996 annis
1315 2961 1418 3005 1562,
1441 2958 1544 3005 1563;
1559 2960 1699 3006 partim
1714 2958 1824 2995 annis
1842 2958 1948 3003 1566-

323 3013 426 3057 1568,
446 3012 537 3048 dum
556 3013 599 3047 Ρ.
615 3011 764 3047 Natalis
779 3010 998 3056 provincias
1017 3009 1252 3046 Germaniae
1277 3013 1317 3043 et
1335 3007 1486 3043 Galliae
1511 3008 1584 3042 sub
1611 3007 1654 3043 P.
1675 3005 1880 3042 Francisco
1898 3004 1947 3040 de

317 3059 432 3106 Borja
449 3059 638 3105 visitavit,
656 3058 745 3095 data
762 3057 900 3093 fuisse.
