2196 3522
926 362 968 392 12
994 354 1104 403 JnLn
1132 352 1223 401 1563
1806 348 1876 390 333

247 457 292 501 lo
311 458 425 502 haze
446 458 553 502 todo
573 464 800 515 presente,
830 472 860 515 y
879 458 924 501 10
950 458 1091 512 suste,
1115 473 1146 514 y
1167 460 1232 501 asi
1258 457 1302 501 le
1328 455 1506 514 suplico
1535 457 1581 500 lo
1607 455 1823 513 perdone,
1847 470 1878 512 y

247 549 321 579 me
341 534 635 580 encomiende
657 539 683 579 ἐι
703 536 762 580 Ν.
787 536 857 590 S.,
872 532 911 592 'y
931 536 975 579 lo
996 535 1158 579 mismo
1179 534 1287 592 pido
1315 538 1342 578 ἐι
1362 535 1434 578 los
1462 534 1632 593 Padres
1649 548 1679 590 y
1698 535 1879 577 herma-

193 608 197 610 ’
247 627 330 656 nos
351 611 638 656 charissimos
659 613 836 656 adonde
857 619 955 656 esta
977 619 1147 656 tomare
1173 616 1200 655 ἐι
1223 613 1281 656 V.
1302 613 1377 665 R„
1401 626 1431 668 y
1452 615 1479 655 ἐι
1500 612 1631 654 todos
1651 611 1708 654 de
1730 611 1772 656 el
1794 611 1879 656 Se—

246 695 332 733 fior
352 703 408 733 su
429 696 559 733 santo
580 705 706 734 amor
726 706 755 746 y
777 697 932 734 temor.
958 691 1029 733 En
1048 690 1093 734 la
1114 689 1323 733 Hermita
1344 691 1373 743 ¹,
1399 703 1430 732 x
1451 689 1509 733 de
1524 688 1646 746 Julio
1668 689 1726 731 de
1748 688 1876 743 1563.

247 768 318 812 De
338 767 396 811 V.
422 768 476 811 R.
502 766 654 812 sieruo
675 782 705 824 y
726 767 818 824 hijo
841 783 900 814 en
921 767 1024 821 X.⁰,

1391 844 1637 888 ANTomo.

335 922 394 964 In
409 923 439 965 6
444 920 482 965 ,⁸
490 922 690 980 pagina:
704 921 733 980 †
747 922 808 966 Al
820 921 914 965 mui
927 922 1040 965 Rd0.
1053 921 1200 965 Padre
1213 936 1270 965 en
1287 920 1471 965 Chris'to
1485 921 1527 964 el
1545 923 1597 965 P.
1622 921 1767 978 [Μ.ῐῑΟ
1783 921 1878 965 Νει-

246 997 334 1055 dal]
352 998 660 1042 commissario
675 999 860 1056 general
874 999 931 1043 de
946 993 1283 1056 [laCompafiia]
1297 998 1355 1042 de
1364 999 1516 1056 Jessls.
1538 997 1686 1041 Manu
1699 999 1759 1041 P.
1777 998 1879 1041 Na-

246 1075 351 1118 talis
368 1076 547 1119 ibidem:
563 1089 799 1132 marquesa
815 1076 975 1137 mudar
990 1091 1017 1119 a
1032 1073 1082 1136 [?]
1097 1076 1206 1119 Alia
1221 1090 1380 1119 manu:
1403 1088 1418 1119 1
1428 1076 1529 1131 563.
1549 1075 1637 1120 Del
1653 1074 1875 1120 Hermita.

247 1153 329 1197 P.e
355 1152 574 1207 Antonio,
599 1168 630 1198 x
651 1154 709 1199 de
729 1152 867 1213 Julio.
892 1153 1113 1212 Sigillum
1133 1153 1382 1197 Societatis.

1004 1319 1131 1362 208

723 1421 768 1458 P.
795 1420 1036 1469 JOANNES
1061 1422 1133 1458 DE
1157 1420 1409 1460 POLANCO

889 1516 938 1542 ex
963 1505 1237 1542 commissione

505 1588 750 1634 PATRI
797 1589 1295 1635 HIERONYMO
1341 1589 1623 1635 NADAL

769 1692 986 1732 TRIDENTI,
1015 1692 1057 1720 12
1083 1693 1185 1729 Jum
1215 1683 1304 1730 1503
1329 1687 1360 1722 2.

329 1767 470 1804 Pauca
486 1767 724 1806 indicantur
740 1768 788 1804 de
795 1767 959 1816 joanne
971 1780 1184 1817 germano,
1204 1769 1275 1816 qui
1290 1769 1362 1804 has
1379 1768 1538 1806 litteras
1555 1767 1796 1804 transmisit.

340 1853 436 1895 Pax
457 1850 564 1908 Xpi.
588 1852 889 1929 Acompagna
909 1852 1015 1908 quel
1036 1851 1235 1910 giouene
1256 1853 1271 1874 ⁵
1290 1853 1375 1896 che
1391 1853 1525 1910 porto
1542 1852 1586 1896 la
1601 1852 1762 1896 lettera
1778 1864 1878 1904 sua,

250 1935 297 1973 et
317 1943 368 1974 se
387 1928 418 1972 li
447 1927 578 1973 diede
605 1929 797 1987 qualche
819 1929 1002 1983 uiatico,
1033 1929 1259 1975 dicendoli
1286 1931 1372 1975 che
1401 1930 1460 1975 N.
1498 1931 1549 1974 Ρ.
1572 1944 1622 1975 se
1643 1927 1823 1972 rimette
1854 1942 1881 1972 a

250 2006 330 2060 lui,
354 2012 401 2051 et
422 2008 506 2051 che
527 2006 559 2050 il
579 2006 824 2052 medesimo
845 2006 1042 2065 giouene
1070 2008 1096 2052 ὲ
1118 2013 1274 2064 parato
1295 2006 1342 2050 di
1362 2007 1431 2052 far
1451 2007 1558 2064 quel
1580 2007 1667 2053 che
1688 2006 1808 2050 dirra
1839 2005 1882 2048 01

252 2084 308 2127 Ρ.
333 2084 510 2128 Natale.

324 2264 336 2286 ¹
385 2263 431 2299 In
447 2261 540 2299 villa
556 2260 713 2308 collegii
736 2262 1030 2310 complutensis,
1046 2262 1111 2299 cui
1134 2273 1277 2299 nomen
1294 2267 1378 2300 erat
1387 2262 1507 2310 Jesus
1524 2262 1589 2299 del
1611 2261 1759 2298 Monte.
1778 2260 1880 2297 Vide

251 2321 370 2371 epist.
392 2323 476 2370 289,
495 2335 539 2359 n.
561 2332 598 2359 2.
1560 2326 1564 2330 ·

321 2384 337 2405 ¹
385 2383 445 2418 Ex
459 2382 648 2429 Regesto,
671 2380 768 2417 Cod.
788 2390 832 2428 33
854 2381 915 2427 d),
934 2381 1001 2418 fol.
1024 2391 1090 2428 109
1108 2394 1147 2418 v.
1166 2382 1212 2418 In
1229 2381 1419 2428 margine:
1438 2382 1489 2418 P.
1508 2381 1652 2418 Natal.
1674 2380 1782 2416 Haec
1801 2379 1879 2427 epi-

249 2442 349 2478 stola
365 2453 444 2478 non
459 2441 580 2478 refert
592 2440 712 2488 diem,
725 2452 801 2489 qua
818 2439 963 2488 scripta
978 2440 1067 2486 fuit3
1086 2441 1157 2478 sed
1173 2441 1275 2478 inter
1289 2452 1370 2488 eas,
1384 2453 1484 2490 quae
1501 2449 1544 2478 12
1562 2440 1658 2488 Julii
1670 2439 1783 2476 datae
1797 2438 1880 2475 fue-

252 2505 344 2537 runt
359 2501 565 2549 reperitur.

323 2561 338 2582 ³
386 2561 572 2608 Joannes,
589 2571 812 2608 germanus.
833 2559 934 2597 Vide
952 2561 1067 2609 epist.
1088 2569 1172 2608 294,
1190 2572 1230 2600 n.
1249 2560 1286 2597 6.

393 3235 509 3269 Emer.
530 3235 572 3266 P.
593 3234 731 3274 Nmu..
750 3237 835 3267 Τοκ.
856 3236 906 3268 11.
1696 3233 1733 3264 23

1887 0 2027 36 ψω-
2037 0 2191 38 ξ’»ιεψυῇῑ
