2196 3522
295 266 369 303 450
868 254 1005 288 EPIST.
1033 253 1077 287 P.
1105 252 1370 289 NADAL—331

294 358 342 400 in
363 371 446 400 suo
469 355 636 406 officio,
663 370 721 397 an
743 354 805 396 illi
828 355 992 398 debeat
1015 352 1212 398 scribere
1232 360 1278 397 et
1299 354 1489 400 reddere
1510 355 1730 399 rationem
1752 370 1930 409 eorum,

295 448 410 489 quae
433 431 642 489 gesserit,
668 439 713 476 et
743 446 801 474 an
829 445 910 487 per
938 432 1062 474 hunc
1083 429 1375 487 prouincialis
1402 431 1566 486 debeat
1594 432 1831 478 instituere
1859 434 1934 478 vel

296 509 459 565 exequi
482 508 767 565 quaeppiam,
794 515 882 553 etc.
913 509 941 551 ¹.

385 588 431 629 Io
453 588 513 629 ho
535 586 695 629 adesso
717 592 931 642 proposto
953 601 979 629 a
1002 584 1151 642 questi
1174 585 1310 629 Padri
1331 585 1473 628 nostri
1494 585 1531 629 si
1552 586 1596 629 io
1612 588 1671 630 ho
1687 586 1733 630 di
1750 594 1933 631 tornare,

297 679 321 706 a
345 663 523 707 Vienna
544 662 621 719 piu
643 669 796 719 presto
818 665 903 707 che
925 677 1017 706 non
1039 676 1116 706 era
1137 662 1363 717 ordinato,
1383 662 1671 719 anticipando
1686 665 1730 707 la
1745 663 1929 708 rinoua-

297 740 424 784 tione
442 739 548 783 delli
570 739 678 783 voti.
707 741 771 783 La
792 754 948 784 mezza
968 746 1096 796 parte
1118 739 1163 781 di
1185 739 1281 782 loro
1303 739 1402 782 dice
1424 740 1481 783 de
1503 739 1556 794 si;
1581 740 1610 782 l'
1630 741 1742 785 altra
1757 740 1804 783 di
1819 756 1932 794 non,

296 818 531 873 probando
554 832 634 873 per
657 817 878 873 raggione
907 823 952 860 et
980 815 1203 872 essempio
1231 818 1316 861 che
1343 816 1375 858 il
1401 816 1678 873 prouinciale
1699 817 1814 861 debe
1842 818 1930 862 fer-

296 893 431 937 marsi
461 894 552 949 qua
580 893 656 950 piu
685 901 852 950 tempo,
884 901 929 936 et
958 907 1050 937 non
1079 893 1211 936 adire
1230 894 1454 949 pericula,
1491 900 1537 937 et
1568 894 1717 949 questi
1752 909 1866 938 sono
1902 895 1934 938 il

296 977 464 1015 rettore
486 978 532 1014 et
554 970 584 1013 il
605 972 760 1014 dottor
787 971 1087 1027 Wolfgango.
1114 971 1291 1014 Horum
1314 970 1567 1016 sententiae
1594 970 1836 1027 opponitur
1861 971 1937 1016 ius

296 1062 554 1102 commune;
595 1047 703 1093 item
741 1049 902 1105 regula
934 1049 1155 1103 quaedam
1187 1048 1244 1091 de
1276 1047 1511 1091 visitandis
1543 1047 1746 1105 collegiis
1776 1048 1932 1092 maiori

296 1124 555 1168 necessitati
582 1124 816 1178 subiectis,
848 1132 894 1168 et
922 1139 1102 1168 rursum
1131 1124 1217 1168 alia
1244 1125 1301 1169 de
1332 1125 1526 1182 collegio
1562 1139 1668 1168 mox
1703 1125 1931 1179 adeundo,

296 1201 426 1245 cuius
455 1208 603 1247 rector
631 1201 899 1255 infirmatur,
932 1210 977 1246 et
1009 1201 1107 1246 eius
1135 1202 1236 1246 loco
1273 1202 1384 1245 illud
1420 1203 1735 1259 gubernando.
1777 1203 1957 1259 Onde,
1988 1224 1990 1227 ·

296 1279 460 1333 Padre,
485 1279 528 1322 io
549 1279 610 1335 mj
633 1279 803 1322 risoluo
826 1279 871 1322 di
889 1279 1207 1324 comminciare
1223 1279 1385 1323 adesso
1401 1280 1444 1323 la
1461 1266 1933 1324 seconda'visitatione

294 1371 376 1412 per
404 1355 586 1399 rinouar
613 1356 643 1399 li
671 1355 765 1399 voti
795 1357 837 1399 la
864 1356 1102 1400 domenica
1132 1355 1393 1401 immediate
1419 1357 1693 1413 precedente
1721 1357 1763 1399 la
1790 1355 1932 1413 prima

295 1433 532 1478 domenica
553 1434 627 1477 del
648 1441 779 1477 santo
801 1434 1016 1480 aduento.
1043 1435 1087 1478 A
1109 1442 1272 1490 questo
1293 1434 1454 1491 giorno
1482 1434 1623 1477 molto
1653 1433 1694 1477 ci
1720 1433 1864 1477 inuita
1878 1434 1934 1477 vla

295 1506 505 1567 gloriosa‘
523 1511 639 1554 festa
670 1511 788 1555 della
823 1510 1161 1567 presentatione
1198 1510 1244 1554 di
1280 1512 1389 1555 Nra.
1431 1510 1643 1567 Signora,
1675 1511 1817 1554 molto
1844 1511 1933 1555 ben

295 1585 723 1646 correspon[den]do
745 1588 787 1631 al
809 1587 997 1645 negotio
1020 1595 1067 1632 et
1087 1587 1318 1644 proposito
1339 1594 1510 1631 nostro.
1530 1589 1581 1630 In
1597 1594 1760 1643 questo
1783 1593 1936 1644 tempo

295 1663 579 1717 intermedio,
604 1664 663 1708 lei
685 1664 726 1708 ci
748 1664 990 1721 impetrara
1011 1666 1203 1721 qualche
1219 1664 1353 1708 lucio
1370 1664 1416 1708 di
1433 1665 1612 1710 Vienna
1633 1678 1660 1707 o
1677 1664 1722 1707 di
1738 1664 1929 1716 altroue,

296 1740 422 1784 accio
443 1741 723 1785 intendiamo
745 1742 914 1799 meglio
936 1744 1021 1787 che
1042 1743 1287 1787 haueremo
1308 1742 1366 1785 da
1388 1742 1499 1796 fare,
1525 1748 1613 1785 etc.
1639 1742 1654 1762 ²

384 1819 629 1874 Inscriptio
650 1820 701 1861 in
724 1823 891 1875 quarta
907 1819 1106 1876 pagina:
1132 1820 1231 1877 Jhs.
1265 1819 1326 1862 Al
1356 1819 1499 1862 molto
1527 1819 1643 1862 Rdo.
1675 1817 1722 1860 in
1749 1817 1934 1861 Christo

298 1896 445 1938 Padre
468 1895 735 1939 Hieronimo
766 1897 943 1949 Natale,
975 1897 1161 1939 doctore
1190 1896 1421 1952 theologo,
1455 1894 1762 1938 commissario
1789 1908 1932 1951 gene-

296 1972 389 2015 rale
410 1972 529 2016 della
550 1972 836 2029 Compagnia
857 1972 903 2016 di
919 1974 1047 2031 Jesu,
1071 1972 1119 2016 in
1142 1974 1357 2029 Augusta
1377 1987 1405 2015 o
1426 1971 1626 2029 Dilinga.
1647 1972 1754 2015 Alia
1776 1985 1935 2014 manu:

305 2049 432 2103 1563.
461 2050 626 2106 Praga.
655 2051 707 2092 P.
734 2051 907 2106 Lanoy‚
934 2051 959 2093 8
982 2049 1027 2093 di
1049 2051 1320 2095 Nouembre.
1346 2049 1504 2107 Sigilli
1524 2049 1785 2106 vestigium.

375 2194 382 2211 ¹
434 2190 567 2226 Natal.
601 2202 727 2238 resp.:
754 2191 841 2238 Ipse
866 2192 985 2227 illum
1001 2191 1138 2239 faciat
1154 2192 1548 2239 superintendentem
1572 2190 1733 2236 quando
1762 2190 1933 2225 discedet

298 2249 500 2296 Pragam,
519 2251 563 2285 in
577 2250 803 2297 [omni]bus‚
823 2263 924 2296 quae
941 2252 1016 2286 sibi
1033 2251 1291 2293 videbuntur,
1306 2254 1342 2287 et
1359 2253 1510 2297 quanto
1524 2252 1699 2296 tempore
1717 2249 1934 2292 videbitur,

297 2311 336 2344 et
353 2310 547 2355 quomodo
564 2310 784 2346 videbitur.
809 2311 947 2356 Itaque
965 2312 1104 2347 omnia
1121 2311 1171 2346 ab
1187 2312 1273 2358 ipso
1285 2310 1540 2358 prouinciali
1551 2309 1824 2356 providenda.

371 2371 385 2390 ²
436 2369 569 2404 Natal.
593 2380 719 2416 resp.:
742 2370 808 2405 Ha
827 2370 898 2406 ben
907 2370 1039 2417 fatto.
