2196 3522
312 294 359 340 34
868 290 911 324 P.
939 288 1126 323 NATALls
1151 287 1371 322 EPHEMER.

312 410 417 441 nem
438 392 629 450 rogandi
650 406 754 435 eum
776 389 1009 442 scriberet,
1034 388 1200 444 quibus
1221 386 1380 443 medijs
1397 400 1501 430 eum
1517 386 1644 429 Deus
1659 384 1866 428 iuuisset:
1893 383 1939 425 id

316 486 454 528 quum
475 469 668 526 primum
688 467 793 512 veni
814 481 871 510 ex
893 465 1061 519 Sicilia,
1087 466 1149 508 2.⁰
1171 464 1279 509 item
1303 477 1443 519 quum
1465 477 1521 507 ex
1542 449 1694 507 Sicilia
1719 460 1850 517 redij,
1876 461 1943 515 3.⁰·

315 548 435 593 idem
455 546 548 590 vrsi
567 548 654 589 hoc
677 551 895 601 tempore,
920 549 1008 587 etc.
1034 543 1084 585 Id
1107 541 1212 587 fecit
1232 555 1312 597 per
1329 538 1613 583 Ludouicum
1630 538 1877 594 Goncalez.

405 703 487 746 46
519 712 589 746 2.a
614 700 835 754 MISSIO,
856 699 1031 755 QUAE
1047 698 1190 741 FUIT
1209 696 1402 739 PRIMA
1420 695 1482 738 IN
1499 693 1879 738 GERMANIAM

409 860 564 915 Quum
600 871 672 900 me
708 857 985 901 deducerent
1020 853 1153 910 officij
1193 852 1341 911 gratia
1381 853 1435 895 P.
1481 850 1591 895 Luis
1626 849 1858 905 Goncales
1898 853 1948 891 et

321 939 379 981 D.
420 934 718 986 Theotonius,
756 932 819 976 ita
854 932 929 990 egi
966 946 1069 976 cum
1099 933 1203 985 hoc,
1237 937 1287 973 vt
1318 928 1453 973 fuerit
1484 935 1594 971 tunc
1629 924 1953 970 reconciliatus

325 1015 378 1057 P.
418 1012 610 1070 Ignatio;
650 1026 807 1055 verum
843 1025 934 1053 non
970 1009 1057 1052 fuit
1091 1008 1307 1051 diuturna
1339 1008 1453 1050 haec
1483 1002 1810 1054 reconciliatio,
1841 1015 1948 1044 nam

325 1105 465 1146 quum
501 1089 633 1144 redijt
669 1089 726 1131 ad
762 1087 971 1144 pristinas
1013 1086 1306 1137 dificultates,
1351 1090 1535 1127 coactus
1577 1080 1662 1124 fuit
1704 1079 1886 1124 tandem
1933 1079 1947 1099 ¹*

327 1169 379 1211 P.
405 1165 607 1223 Ignatius
629 1165 753 1208 illum
776 1180 802 1207 a
823 1163 1049 1222 Societate
1072 1163 1326 1206 amandare.
1576 1147 1579 1151 ⁴

412 1243 518 1287 Dixi
550 1244 603 1286 P.
636 1241 864 1293 Lodouico
891 1241 1096 1295 Goncalo
1125 1239 1237 1282 nihil
1268 1252 1317 1281 se
1352 1236 1507 1280 Vtilius
1544 1234 1762 1281 Societati
1798 1234 1953 1277 facere.

327 1334 474 1377 posse,
499 1334 633 1375 quam
654 1318 692 1362 si
715 1321 763 1362 P.
788 1317 949 1374 Ignatij
973 1315 1277 1361 valetudinem
1299 1320 1526 1367 curarent,
1551 1320 1601 1355 vt
1620 1317 1774 1369 posset
1791 1308 1948 1355 Socie-

328 1404 465 1441 tatem
486 1411 621 1452 quam
642 1395 892 1439 diutissime
913 1395 1182 1451 gubernare.
1215 1392 1221 1451 Ι

415 1473 554 1518 Venit
573 1487 750 1516 mecum
772 1474 901 1515 Ionas
924 1473 1134 1515 bauarus.
1161 1469 1357 1527 Repperi
1380 1471 1433 1513 P.
1455 1470 1656 1525 Laynem
1674 1466 1949 1510 Florentiae..

329 1551 546 1595 Voluerat
575 1552 626 1593 P.
659 1548 862 1606 Ignatius
888 1556 938 1591 vt
964 1555 1125 1592 neuter
1153 1547 1280 1591 alteri
1309 1548 1532 1590 subesset.
1572 1546 1818 1600 Nunquam
1856 1543 1951 1587 fere

328 1629 445 1672 bene
466 1626 682 1670 conuenit
701 1625 811 1668 mihi
839 1640 943 1668 cum
970 1625 1060 1678 illo,
1092 1639 1144 1668 ac
1171 1624 1218 1667 in
1244 1623 1404 1668 itinere
1437 1622 1619 1678 quidem
1646 1620 1816 1677 impegi
1844 1633 1951 1676 pro-

329 1711 428 1761 pter
449 1702 801 1760 disputationem
829 1703 1083 1758 quamdam.
1114 1703 1357 1758 Augustae
1384 1700 1519 1745 etiam
1547 1700 1709 1743 acerbe
1737 1697 1828 1754 egi,
1859 1703 1952 1741 etc-

331 1782 438 1824 Erat
459 1781 591 1837 plane
617 1794 718 1824 mea
744 1779 880 1822 animi
907 1778 1160 1831 infirmitas,
1191 1785 1277 1822 etc.
1310 1777 1530 1822 Venimus
1558 1777 1818 1832 Augustam
1846 1786 1954 1817 cum

332 1859 520 1902 Morono
551 1858 608 1901 ad
635 1856 902 1900 dominicam
932 1855 1175 1899 Passionis.
1207 1854 1542 1899 Inconsiderate
1569 1860 1728 1896 contra
1756 1850 1953 1895 haereti—

332 1949 412 1978 cos
433 1933 480 1976 in
506 1948 662 1977 mensa
689 1932 881 1977 Moroni.
910 1932 1150 1988 Disputaui
1178 1946 1281 1975 cum
1310 1931 1416 1974 italo
1446 1930 1691 1974 haeretico.
1726 1928 1951 1973 Auditum

333 2018 402 2056 est
424 2011 572 2054 triduo
599 2017 678 2053 aut
704 2009 943 2065 quatriduo
972 2011 1029 2054 de
1056 2016 1199 2052 morte
1235 2010 1310 2052 47
1347 2009 1462 2064 Iulij.
1504 2007 1804 2051 Commendat
1841 2004 1953 2047 mihi

331 2094 616 2144 augustanus
635 2093 686 2129 vt
705 2086 846 2129 visam
869 2085 1145 2142 dilinganam
1167 2085 1457 2137 academiam,
1482 2098 1572 2140 quo
1598 2083 1764 2140 possim
1794 2083 1852 2127 de
1877 2081 1953 2124 illa

333 2164 499 2209 referre
540 2164 596 2207 ad
636 2162 909 2220 pontificem.
961 2164 1148 2206 Abeu'nt
1195 2164 1382 2206 Romam
1431 2161 1680 2204 cardinales
1702 2176 1710 2203 :
1762 2158 1958 2203 discedit*

333 2242 386 2284 P.
417 2242 615 2297 Laynes:
648 2253 736 2296 ego
762 2241 926 2284 haereo
955 2241 1074 2296 apud
1101 2239 1377 2295 Delphinum
1414 2238 1640 2282 nuntium:
1682 2236 1817 2280 audio
1853 2235 1959 2280 eius

332 2316 660 2361 confessionem
682 2323 728 2361 et
750 2315 943 2360 familiae
963 2316 1009 2359 in
1037 2317 1319 2359 hebdomada
1349 2322 1520 2359 sancta:
1546 2314 1679 2358 audio
1707 2314 1953 2356 multorum

331 2393 639 2450 hispanorum,
659 2393 776 2438 inter
791 2395 875 2437 hos
890 2393 1071 2437 Martini
1088 2393 1326 2445 Gusmani,
1345 2391 1540 2448 primarij
1560 2390 1709 2435 aulici.
1731 2391 1821 2434 Hic
1843 2390 1954 2434 noui

331 2471 581 2527 Nogeram,
607 2469 683 2526 qui
706 2477 815 2514 tunc
837 2476 933 2514 erat
954 2471 1221 2527 pedagogus
1248 2469 1325 2525 filij
1356 2468 1558 2513 Martini:
1584 2468 1669 2511 fuit
1690 2475 1851 2525 postea
1871 2469 1946 2512 de-

312 2561 475 2611 ·canus
495 2546 770 2600 viennensis,
796 2553 882 2591 etc.
913 2547 920 2605 Ι

423 2627 535 2668 Post
555 2625 723 2680 pascha
739 2624 924 2668 discessi
946 2639 1049 2667 cum
1071 2626 1179 2668 Iona
1194 2624 1441 2680 Dilingam.
1463 2623 1641 2668 Placuit
1661 2623 1955 2676 vniuersitas;

332 2701 441 2745 noui
463 2701 524 2744 ibi
546 2701 844 2755 Hundanum,
869 2708 915 2744 et
936 2701 1114 2758 egimus
1136 2702 1192 2746 de
1219 2701 1376 2754 literis,
1402 2708 1489 2745 etc.
1520 2701 1629 2744 Inde
1657 2699 1847 2757 profecti
1873 2714 1952 2743 su-

333 2793 436 2821 mus
457 2779 590 2821 Ionas
612 2784 658 2822 et
679 2792 766 2834 ego
803 2777 1041 2830 Viennam,
1082 2793 1185 2821 nam
1222 2778 1268 2820 in
1306 2777 1475 2822 Sueuia
1509 2778 1583 2821 vel
1621 2777 1815 2821 Bauaria
1841 2776 1954 2820 nihil

333 2855 624 2916 habebamus.
666 2854 937 2911 Episcopum
974 2854 1329 2911 ratisponensem
1361 2870 1497 2912 aegre
1523 2854 1754 2912 potuimus
1785 2855 1957 2898 saluta-

334 2946 399 2984 re,
425 2939 511 2975 etc.
537 2933 585 2975 In
608 2931 769 2976 itinere
789 2930 987 2975 viatores
1009 2932 1178 2989 aliquot
1200 2932 1430 2986 haeretici,
1462 2933 1568 2978 facti
1596 2932 1727 2976 nobis
1754 2930 1957 2983 obuiam,

408 3104 417 3123 ⁴
469 3101 559 3148 Ms.,
569 3099 661 3147 suit
679 3101 841 3136 tandem
852 3099 956 3148 fuit.
