2196 3522
322 293 391 320 112
625 312 630 320 ,
889 280 1028 316 EPIST.
1055 279 1100 316 P.
1121 278 1277 317 NADAL
1293 288 1396 326 -215

317 387 476 429 elector
496 383 782 440 moguntino,
801 396 831 438 y
847 381 901 424 de
916 381 998 424 alli
1013 381 1060 423 al
1075 379 1382 436 herbipolense
1399 396 1429 438 y
1450 382 1480 424 ά
1495 383 1725 441 Augusta,
1742 383 1796 427 de
1812 384 1960 428 donde

317 467 573 519 esperamos
594 463 689 503 esta
709 473 900 502 semana
922 458 1062 501 letras
1083 471 1167 514 que
1188 471 1266 512 sea
1297 458 1498 516 llegadoe
1511 460 1559 504 -A
1580 460 1634 503 de
1651 475 1710 517 yr
1731 461 1760 503 ά
1786 461 1963 505 uisitar

316 539 449 596 lue'go
470 539 535 581 los
556 537 766 594 collegios
782 535 835 579 de
861 536 1016 588 Viena,
1042 535 1284 588 Tirnauia,
1297 550 1327 592 y
1344 537 1528 594 Praga,
1542 552 1572 594 y
1587 537 1775 594 despues
1792 541 1963 593 tornar

316 617 346 659 ά
368 617 432 659 los
453 616 506 658 de
529 615 750 666 Bauiera;
767 628 797 671 y
811 618 987 670 porque
1007 626 1064 656 en
1086 612 1208 655 todos
1236 627 1292 670 ay
1316 617 1454 670 peste,
1478 615 1619 669 fuera
1646 615 1700 658 de
1722 615 1961 673 Ingolstam

316 694 403 747 dio,
425 693 526 736 bien
548 706 594 735 es
615 691 958 736 encomendarle
983 690 1396 746 particularmente
1416 692 1446 734 ά
1466 692 1583 735 Dios
1607 693 1670 736 N.
1696 693 1744 736 S.
1774 693 1804 736 ¹.
1837 694 1960 737 Trae

316 771 502 828 consigo
523 770 553 812 ά
582 758 722 813 Mtro.
758 769 950 812 Roberto
984 767 1221 823 Claysonio
1252 768 1283 821 ³,
1316 782 1401 825 que
1431 782 1479 813 es
1509 783 1576 813 un
1598 769 1713 814 buen
1735 773 1977 828 soggetto,-

317 862 439 892 como
459 847 552 891 alla
573 861 620 890 se
642 846 871 890 acordara
897 846 943 890 V.
968 846 1057 889 R.»

1079 999 1192 1042 215

699 1081 758 1122 Ρ.
810 1046 1282 1126 HIEROMYMuS
1329 1079 1574 1124 NADAL

780 1168 940 1204 PATRI
971 1168 1263 1207 LEONARDO
1290 1168 1487 1204 KESSEL

766 1254 1007 1293 HssRmPoLx,
1037 1254 1060 1292 7
1092 1253 1301 1284 oei-omns
1337 1246 1427 1292 1562
1458 1247 1490 1282 ³.

314 1345 349 1373 1.
369 1337 431 1374 De
443 1336 635 1384 procellis
654 1335 844 1372 Coloniae
862 1336 907 1371 in
926 1336 1161 1372 Societatem
1179 1336 1488 1372 concitatis.—2.
1507 1335 1569 1372 De
1586 1335 1754 1384 collegio
1775 1335 1960 1384 herbipo-

386 1397 507 1432 lensi:
525 1397 572 1431 de
585 1398 852 1443 procuratore
870 1395 1013 1432 bursae
1030 1396 1373 1432 constituendo.-
1378 1404 1413 1441 3.
1433 1395 1495 1431 De
1516 1395 1693 1443 pecunia
1710 1398 1790 1442 pro
1812 1398 1960 1443 expen—

383 1456 439 1491 sis
455 1456 616 1492 itiner'is
638 1455 791 1490 Busaei
812 1457 849 1491 et
872 1455 1003 1500 Fabii,
1027 1458 1065 1491 et
1087 1456 1135 1491 de
1163 1467 1236 1491 suo
1264 1466 1366 1502 erga
1399 1453 1668 1490 Germaniam
1698 1458 1735 1491 et
1768 1453 1952 1491 Galliam

386 1524 630 1568 amora—4.
651 1514 712 1550 De
734 1513 935 1562 Gregorio
953 1514 1076 1550 Fabio
1094 1514 1354 1563 Moguntiam
1371 1514 1581 1550 mittendo.

411 1636 449 1667 1.
515 1621 678 1666 Intima
697 1621 915 1665 memoria
935 1637 1112 1679 semper
1135 1629 1270 1667 teneo
1300 1636 1372 1667 res
1400 1621 1532 1665 istius
1560 1621 1756 1679 collegii,
1786 1621 1834 1665 in
1861 1636 1959 1679 quo

314 1715 425 1745 sane
453 1700 635 1744 videtur
663 1698 773 1742 mihi
801 1700 1033 1743 abundare
1061 1699 1217 1743 diuina
1253 1698 1416 1756 gratia,
1457 1714 1575 1756 quae
1610 1713 1715 1742 cum
1746 1699 1862 1744 adeo
1891 1699 1956 1742 sit·

314 1777 522 1831 euidens,
553 1776 762 1820 videmus
797 1777 1063 1821 daemonem
1095 1776 1303 1829 cruciari,
1337 1783 1384 1819 et
1416 1777 1652 1821 offundere
1678 1776 1951 1829 nubeculas,

313 1869 430 1911 quae
453 1853 663 1898 facillime
684 1855 837 1897 afflatu
860 1853 1041 1898 diuinae
1063 1853 1237 1911 gratiae
1259 1852 1615 1910 dissipabuntur,
1647 1860 1698 1896 vt
1724 1855 1952 1898 hactenus

312 1931 426 1975 aliae
447 1938 554 1975 sunt
576 1929 819 1987 dissipatae
840 1930 873 1973 ⁴.
899 1931 974 1974 Ad
995 1930 1164 1984 literas,
1195 1945 1308 1987 quas
1336 1930 1487 1988 recepi
1509 1931 1631 1987 apud
1653 1931 1820 1974 Rdum.
1849 1946 1946 1974 ma—

383 2094 395 2114 ¹
446 2091 548 2127 Vide
566 2091 682 2138 epist.
701 2089 786 2135 218,
805 2095 936 2126 annot.
962 2089 999 2126 3.

379 2154 394 2173 ²
445 2150 540 2197 Ejus
558 2161 724 2186 examen
742 2149 834 2185 vide
852 2150 892 2185 in
910 2150 1093 2197 append.,
1112 2162 1154 2186 n.
1180 2151 1216 2186 Ι.

380 2211 395 2232 ³
443 2211 503 2246 Ex
537 2210 760 2256 apographo
795 2210 844 2244 ab
878 2209 962 2256 ipso
997 2210 1045 2245 P.
1086 2211 1226 2246 Kessel
1262 2215 1421 2246 exarato
1438 2238 1447 2257 ,
1488 2209 1529 2246 in
1563 2209 1648 2257 ejus
1683 2210 1952 2258 Epistolario,

311 2270 407 2306 Cod.
429 2279 487 2317 37,
507 2269 574 2305 fol.
598 2268 665 2314 134
682 2271 776 2313 (22).
799 2269 916 2304 Initio
937 2269 1127 2316 epistolae
1144 2270 1248 2305 hunc
1265 2270 1423 2305 titulum
1440 2269 1598 2317 scripsit
1615 2271 1770 2306 Kessel:
1790 2271 1840 2306 P.
1866 2271 1951 2306 Na-

307 2328 736 2371 talis-coloniensibus;
759 2339 809 2363 ex
832 2328 917 2375 ipsa
942 2340 1036 2364 vero
1061 2329 1242 2375 epistola,
1266 2328 1316 2364 ad
1340 2329 1385 2364 P.
1413 2330 1554 2365 Kessel
1572 2334 1767 2366 rectorem
1786 2330 1945 2377 collegii

307 2389 438 2425 datam
451 2387 579 2424 -fuisse
602 2388 702 2423 hanc
726 2387 932 2434 epistolam
955 2389 1060 2424 clare
1078 2393 1204 2435 patet.
1236 2389 1332 2424 Eam
1358 2389 1535 2424 mutilam
1560 2388 1684 2425 edidit
1704 2390 1883 2426 HANSEN
1904 2390 1947 2426 in

304 2448 538 2484 Rheinische
556 2447 686 2482 Akten
709 2458 784 2482 zur
805 2445 1028 2483 Geschichte
1052 2449 1119 2484 des
1133 2448 1480 2495 Jesuitenordens,
1499 2442 1621 2496 pagg’.
1645 2448 1730 2495 437,
1756 2448 1840 2495 438.
1859 2450 1943 2486 Nos

305 2506 500 2553 integram
517 2505 581 2541 hic
598 2504 861 2540 exhibendam
890 2504 1086 2541 duximus.

377 2567 392 2588 ⁴
442 2568 648 2613 Quaenam
678 2563 825 2600 fuerint
854 2565 926 2599 hae
954 2566 1172 2601 nubeculae
1200 2565 1390 2602 describit
1419 2566 1803 2614 REIFFENBERGIUS,
1833 2567 1946 2603 Hist„

309 2627 347 2662 S.
359 2626 404 2673 J.
424 2626 479 2661 ad
496 2625 622 2660 Rhen.
642 2624 738 2671 inf„
757 2623 830 2659 lib.
851 2624 883 2670 I,
901 2635 989 2671 cap.
1014 2634 1072 2671 lx,
1087 2625 1155 2661 ubi
1168 2624 1217 2660 de
1231 2626 1402 2672 procella
1413 2626 1605 2673 superiori
1622 2638 1725 2662 anno
1742 2625 1783 2675 in
1805 2626 1948 2662 acade--

306 2685 383 2721 mia
400 2683 617 2721 coloniensi
633 2689 770 2719 contra
787 2683 1026 2720 Societatem
1044 2684 1250 2730 concitata,
1269 2690 1309 2721 et
1326 2697 1417 2732 cap.
1441 2687 1529 2732 ult.,
1548 2686 1617 2722 ubi
1640 2685 1689 2721 de
1716 2685 1828 2722 obice
1851 2697 1949 2733 ope-

303 2745 416 2781 rariis
434 2743 645 2780 societatis
663 2742 704 2778 in
720 2744 867 2789 templo
892 2749 1050 2779 sanctae
1074 2745 1242 2780 Ursulae
1272 2746 1432 2781 obmoto
1462 2745 1637 2781 breviter
1666 2745 1762 2791 agit.
1793 2745 1943 2782 Eadem

303 2803 441 2841 fusiori
458 2804 609 2839 calamo
626 2806 781 2838 enarrat
797 2802 844 2837 P.
866 2802 1006 2838 Kessel
1024 2802 1064 2838 in
1083 2803 1249 2850 epistola
1266 2803 1315 2839 ad
1338 2815 1452 2839 suum
1475 2804 1757 2851 provincialem
1780 2805 1948 2840 Everar—

302 2863 395 2900 dum
412 2863 518 2908 data,
536 2873 652 2909 quam
669 2862 791 2897 habes
809 2861 912 2908 apud
929 2862 1123 2908 HANSEN,
1142 2863 1220 2898 loc.
1249 2862 1335 2909 cit.,
1361 2875 1451 2910 pag.
1479 2863 1549 2909 435
1573 2868 1614 2899 et
1635 2862 1721 2909 436,
1745 2862 1814 2899 ubi
1839 2863 1946 2900 inter

302 2922 378 2958 alia
393 2923 492 2957 haec
509 2921 660 2957 scribit:
682 2919 891 2967 «Cepimus
909 2920 1131 2956 concionari
1149 2921 1252 2968 apud
1269 2921 1314 2957 S.
1335 2923 1534 2959 Ursulam.
1551 2921 1630 2958 Sed
1642 2926 1777 2957 contra
1790 2933 1861 2958 nos
1875 2934 1946 2957 ex-

301 2981 422 3017 citata
439 2985 501 3016 est
518 2978 712 3026 tragedia.
735 2978 1015 3015 Convenerunt
1034 2980 1139 3015 enim
1153 2981 1331 3016 canonici
1345 2986 1385 3016 et
1399 2980 1600 3017 abbatissa
1613 2992 1703 3016 cum
1716 2992 1792 3016 una
1805 2982 1940 3017 vetula

301 3039 470 3086 virgine,
489 3044 530 3074 et
546 3039 686 3075 nolunt
702 3042 746 3073 ut
763 3037 929 3084 amplius
947 3040 1193 3075 celebremus
1211 3039 1251 3075 in
1269 3039 1434 3076 Camera
1451 3051 1569 3076 aurea
1581 3051 1655 3076 nec
1668 3039 1943 3076 confessiones

300 3099 447 3135 ibidem
465 3098 666 3135 audiamus
684 3101 752 3132 aut
768 3097 1116 3144 communicemus,
1142 3098 1213 3135 sed
1242 3105 1286 3136 ut
1316 3111 1468 3136 sacrum
1492 3100 1650 3148 quidem
1673 3100 1861 3137 faciamus
1892 3100 1938 3137 in
