2196 3522
1048 304 1136 349 1561
1865 302 1910 340 81

265 404 385 458 aliis,
410 411 508 448 tum
527 417 587 448 ne
607 403 797 448 nimium
816 405 1044 450 laboraret
1058 405 1106 449 in
1123 419 1312 450 munere
1334 419 1434 448 suo:
1461 404 1589 449 illum
1606 419 1708 450 esse
1732 405 1915 449 infirma

271 480 535 526 valetudine
560 482 589 526 ¹.

364 601 487 645 160
790 616 842 646 m
864 616 1066 647 1T1NERE
1093 615 1392 647 COMPLUTUM

360 715 622 772 Antequam
659 715 1027 778 Alburchercum
1053 714 1274 768 venirem,
1299 714 1521 771 cogitatio
1548 727 1622 758 me
1643 714 1828 769 inuasit,
1851 716 1912 761 de

267 791 614 845 dificultatibus,
654 806 773 849 quae
793 799 948 838 essent
974 799 1159 849 paratae
1186 792 1232 835 in
1269 792 1484 836 Castella.
1511 792 1813 849 Alburchercj
1837 807 1910 837 re-

269 867 364 924 peri
385 870 627 925 quemdam
657 871 856 922 Patrem,
886 883 1024 926 quem
1052 868 1262 914 mittebat
1290 870 1347 912 ad
1374 883 1449 913 me
1478 870 1531 912 P.
1552 869 1911 913 'Bustamantius

267 960 350 1001 pro
373 946 589 989 facultate
610 945 839 1004 aperiendi
860 946 1039 990 scholas
1061 945 1255 1002 Hispali,
1275 959 1410 1002 quam
1428 959 1597 1002 magna
1612 959 1718 989 cum
1734 946 1911 991 instan-

267 1022 328 1065 tia
343 1023 621 1079 postulabat:
646 1023 710 1067 ita
729 1037 894 1080 rogare
913 1035 967 1066 ac
988 1023 1104 1067 velle
1125 1021 1435 1079 inquisitores,
1460 1022 1524 1066 ita
1539 1037 1635 1068 rem
1658 1023 1909 1081 efflagitare

263 1107 313 1143 et
334 1108 531 1157 tempus:
555 1114 646 1144 non
669 1115 802 1157 posse
823 1099 997 1158 negari.
1027 1099 1036 1158 Ι
1063 1099 1283 1145 Concessi
1300 1107 1350 1143 vt
1365 1100 1423 1145 de
1440 1115 1494 1145 ea
1511 1114 1560 1143 re
1577 1107 1752 1157 ageret:
1773 1115 1908 1157 posse

262 1176 452 1232 quidem
473 1176 587 1231 fieri,
612 1177 694 1221 sed
715 1183 960 1234 antequam
981 1176 1225 1235 negocium
1248 1177 1614 1230 concluderetur,
1638 1183 1690 1220 vt
1711 1190 1785 1221 me
1806 1192 1908 1221 rur-

262 1268 346 1297 sus
367 1253 551 1298 scribat.
577 1254 685 1298 Fuit
706 1253 951 1312 negocium
972 1260 1132 1311 postea
1152 1254 1412 1299 confectum
1434 1267 1461 1297 e
1482 1253 1725 1299 sententia.

356 1331 461 1375 Non
480 1331 618 1388 longe
638 1346 665 1375 a
688 1330 923 1375 Placentia
942 1329 1036 1373 vidi
1058 1346 1116 1375 ex
1132 1330 1328 1387 hospitio
1352 1331 1536 1375 fratrem
1554 1331 1750 1384 Tellum,
1769 1345 1906 1388 quem

268 1406 482 1452 miserant
512 1408 570 1451 ad
597 1423 670 1453 me
701 1410 749 1452 P.
784 1407 1009 1452 Araozius
1036 1415 1084 1452 et
1110 1406 1342 1452 Antonius
1364 1421 1468 1451 cum
1498 1407 1640 1453 literis
1668 1408 1702 1461 ¹,
1738 1407 1906 1464 quibus

265 1483 374 1527 mihi
401 1485 776 1530 demonstrabant
801 1487 817 1508 ³
846 1492 1030 1529 exortos
1059 1484 1264 1529 turbines
1290 1483 1337 1528 in
1354 1485 1458 1528 aula
1479 1484 1618 1542 regis,
1644 1499 1735 1529 non
1757 1485 1903 1529 solum

259 1562 320 1605 de
335 1561 540 1607 discessu
559 1564 612 1606 P.
633 1564 670 1606 F
672 1562 880 1616 rancisci,
900 1563 983 1607 sed
998 1563 1054 1607 de
1070 1577 1170 1606 mea
1190 1561 1465 1606 visitatione.
1491 1561 1638 1607 Simul
1659 1561 1902 1606 mittebant

257 1638 386 1682 illum
409 1639 609 1693 fratrem,
634 1646 685 1683 vt
706 1637 1142 1698 laboran[tem]1ssl
1166 1639 1213 1682 in
1234 1637 1473 1683 vocatione
1495 1639 1569 1683 vel
1590 1638 1794 1684 iuuarem
1824 1640 1902 1683 vel

262 1715 555 1760 dimitterem.

350 1792 456 1836 Fuit
476 1794 615 1837 frater
636 1792 890 1846 restitutuS,
910 1795 999 1838 X.0
1026 1801 1227 1846 auctore,
1253 1808 1394 1850 quum
1411 1793 1475 1837 illi
1491 1793 1661 1838 diserte
1683 1793 1899 1838 dixissem

264 1876 312 1912 vt
333 1869 579 1926 explicaret
619 1869 797 1927 siquam
833 1885 1019 1914 causam
1055 1870 1266 1916 idoneam
1298 1872 1503 1925 haberet,
1543 1877 1729 1927 propter
1765 1885 1902 1927 quarn

260 1953 382 1990 esset
411 1946 724 2001 dimittendus;
763 1961 836 1991 me
874 1947 1006 1992 facile
1026 1947 1153 1991 ilium
1188 1947 1497 2000 dimissurum,
1532 1947 1570 1991 si
1592 1947 1712 1992 illam
1734 1946 1904 1993 intelli-

264 2038 386 2088 gam,
411 2030 500 2069 etc.

350 2102 487 2157 Quod
508 2102 566 2145 ad
582 2101 685 2155 alia,
706 2102 769 2159 fuj
789 2101 971 2159 quidem
989 2101 1209 2156 solicitus,
1229 2102 1311 2147 sed
1326 2102 1477 2146 animo
1494 2109 1661 2155 tamen,
1681 2103 1771 2145 X.0
1795 2114 1902 2157 pro—

257 2177 385 2234 pitio,
409 2179 719 2231 confirmatus,
745 2178 1021 2235 minimeque
1048 2178 1308 2222 deterritus.

350 2256 494 2299 Paulo
520 2263 624 2312 post
650 2255 828 2314 repperi
855 2256 995 2300 alium
1033 2256 1218 2300 fratrem
1243 2256 1253 2315 Ι
1279 2256 1441 2313 ijsdem
1461 2256 1521 2301 de
1541 2256 1695 2309 rebus,
1735 2255 1902 2311 quibus

215 2350 219 2354 ¹
258 2330 370 2374 illud
385 2331 522 2376 etiam
543 2333 867 2376 consulebatur
893 2333 952 2377 ad
979 2333 1127 2376 aulam
1157 2332 1280 2391 regis
1306 2348 1366 2378 ne
1394 2333 1522 2386 irem,
1554 2333 1637 2377 sed
1665 2331 1902 2377 Placentia

261 2407 540 2454 discederem
575 2409 913 2454 Salmanticam.
954 2410 1058 2453 Hoc
1100 2409 1339 2453 consilium
1375 2409 1486 2453 mihi
1507 2424 1600 2454 non
1630 2409 1817 2466 placuit,
1849 2416 1902 2452 vt

263 2483 374 2528 irem
390 2485 729 2540 Salmanticam;
753 2486 925 2543 placuit
959 2502 1019 2532 ne
1046 2486 1093 2529 in
1130 2487 1296 2530 aulam:
1322 2487 1385 2530 ita
1406 2486 1546 2530 statui
1583 2492 1703 2531 recta
1742 2484 1902 2530 venire

261 2560 560 2617 Complutum
581 2562 614 2606 ⁴.

350 2637 468 2681 Veni
495 2638 790 2684 Placentiam:
831 2641 985 2685 statim
1007 2640 1210 2685 intellexi
1230 2640 1384 2686 literas
1416 2655 1517 2684 esse
1540 2639 1690 2696 regias
1717 2640 1775 2682 ad
1807 2652 1897 2682 me.

347 2713 466 2758 Veni
495 2714 613 2758 vltro
634 2716 692 2759 ad
719 2723 990 2773 praetorem:
1020 2717 1303 2775 interrogaui
1331 2717 1370 2760 si
1396 2717 1505 2774 quid
1527 2717 1717 2761 haberet
1743 2711 1904 2760 litera-

257 2805 357 2833 rum
378 2790 436 2833 ad
457 2805 546 2835 me:
571 2792 804 2848 respondit
823 2794 1008 2839 habere.

334 2932 345 2953 ¹
397 2933 479 2969 Fol.
503 2941 570 2978 159
588 2945 630 2970 v.
655 2944 823 2970 vacuum
838 2941 1029 2973 remanet.

328 2993 344 3014 ²
393 2992 492 3038 Ms.,
519 2992 644 3027 litris.

333 3050 347 3070 ³
397 3050 487 3097 Ms.,
501 3051 814 3087 demostrabant.

328 3110 346 3130 ⁴
396 3109 655 3158 SAccrruws,
674 3111 748 3146 loc.
767 3110 853 3156 cit.,
877 3123 916 3147 n.
938 3110 1003 3149 36.
