<?xml version="1.0" encoding="UTF-8"?>
<!DOCTYPE html PUBLIC "-//W3C//DTD XHTML 1.0 Transitional//EN"
    "http://www.w3.org/TR/xhtml1/DTD/xhtml1-transitional.dtd">
<html xmlns="http://www.w3.org/1999/xhtml" xml:lang="en" lang="en">
 <head>
  <title>
</title>
<meta http-equiv="Content-Type" content="text/html;charset=utf-8" />
  <meta name='ocr-system' content='tesseract 3.04.00' />
  <meta name='ocr-capabilities' content='ocr_page ocr_carea ocr_par ocr_line ocrx_word'/>
</head>
<body>
  <div class='ocr_page' id='page_1' title='image "./epistolaephieron02nadauoft_0017.png"; bbox 0 0 2196 3522; ppageno 0'>
   <div class='ocr_carea' id='block_1_1' title="bbox 0 0 59 3522">
    <p class='ocr_par' dir='ltr' id='par_1_1' title="bbox 0 0 59 3522">
     <span class='ocr_line' id='line_1_1' title="bbox 0 0 59 3522; baseline 0 0"><span class='ocrx_word' id='word_1_1' title='bbox 0 0 59 3522; x_wconf 95' lang='lat' dir='ltr'> </span> 
     </span>
    </p>
   </div>
   <div class='ocr_carea' id='block_1_2' title="bbox 653 272 1836 327">
    <p class='ocr_par' dir='ltr' id='par_1_2' title="bbox 653 272 1836 327">
     <span class='ocr_line' id='line_1_2' title="bbox 653 272 1836 327; baseline 0.001 -19"><span class='ocrx_word' id='word_1_2' title='bbox 653 272 910 309; x_wconf 71' lang='lat' dir='ltr'>Pnoossmtm</span> <span class='ocrx_word' id='word_1_3' title='bbox 936 280 1121 309; x_wconf 69' lang='lat' dir='ltr'>sssctmm</span> <span class='ocrx_word' id='word_1_4' title='bbox 1145 281 1375 310; x_wconf 61' lang='lat' dir='ltr'>vorumms</span> <span class='ocrx_word' id='word_1_5' title='bbox 1684 324 1685 327; x_wconf 11' lang='grc' dir='ltr'><strong>Ἴ</strong></span> <span class='ocrx_word' id='word_1_6' title='bbox 1794 283 1836 309; x_wconf 80' lang='lat' dir='ltr'>xi</span> 
     </span>
    </p>
   </div>
   <div class='ocr_carea' id='block_1_3' title="bbox 119 372 1833 3133">
    <p class='ocr_par' dir='ltr' id='par_1_3' title="bbox 189 372 1833 662">
     <span class='ocr_line' id='line_1_3' title="bbox 191 372 1833 433; baseline 0.002 -17"><span class='ocrx_word' id='word_1_7' title='bbox 191 372 335 426; x_wconf 89' lang='lat' dir='ltr'>stolis,</span> <span class='ocrx_word' id='word_1_8' title='bbox 360 372 439 416; x_wconf 93' lang='lat' dir='ltr'>ubi</span> <span class='ocrx_word' id='word_1_9' title='bbox 459 374 517 417; x_wconf 92' lang='lat' dir='ltr'>de</span> <span class='ocrx_word' id='word_1_10' title='bbox 539 373 870 418; x_wconf 89' lang='lat' dir='ltr'>haereticorum</span> <span class='ocrx_word' id='word_1_11' title='bbox 892 373 1084 427; x_wconf 82' lang='lat' dir='ltr'>insidiis,</span> <span class='ocrx_word' id='word_1_12' title='bbox 1104 375 1162 418; x_wconf 93' lang='lat' dir='ltr'>de</span> <span class='ocrx_word' id='word_1_13' title='bbox 1177 374 1433 432; x_wconf 89' lang='lat' dir='ltr'>principum</span> <span class='ocrx_word' id='word_1_14' title='bbox 1450 374 1589 419; x_wconf 89' lang='lat' dir='ltr'>nimia</span> <span class='ocrx_word' id='word_1_15' title='bbox 1604 390 1716 433; x_wconf 90' lang='lat' dir='ltr'>erga</span> <span class='ocrx_word' id='word_1_16' title='bbox 1731 376 1833 420; x_wconf 87' lang='lat' dir='ltr'>1110s</span> 
     </span>
     <span class='ocr_line' id='line_1_4' title="bbox 192 449 1831 509; baseline 0.002 -16"><span class='ocrx_word' id='word_1_17' title='bbox 192 449 450 503; x_wconf 84' lang='lat' dir='ltr'>tolerantia,</span> <span class='ocrx_word' id='word_1_18' title='bbox 494 451 552 495; x_wconf 92' lang='lat' dir='ltr'>de</span> <span class='ocrx_word' id='word_1_19' title='bbox 588 465 767 508; x_wconf 88' lang='lat' dir='ltr'>regum,</span> <span class='ocrx_word' id='word_1_20' title='bbox 808 451 1122 504; x_wconf 86' lang='lat' dir='ltr'>cardinalium,</span> <span class='ocrx_word' id='word_1_21' title='bbox 1162 451 1479 509; x_wconf 91' lang='lat' dir='ltr'>episcoporum</span> <span class='ocrx_word' id='word_1_22' title='bbox 1493 486 1503 506; x_wconf 93' lang='lat'>,</span> <span class='ocrx_word' id='word_1_23' title='bbox 1544 452 1831 509; x_wconf 90' lang='lat' dir='ltr'>aliorumque</span> 
     </span>
     <span class='ocr_line' id='line_1_5' title="bbox 192 527 1827 586; baseline 0.002 -16"><span class='ocrx_word' id='word_1_24' title='bbox 192 541 274 583; x_wconf 91' lang='lat' dir='ltr'>pro</span> <span class='ocrx_word' id='word_1_25' title='bbox 309 527 532 571; x_wconf 89' lang='lat' dir='ltr'>catholica</span> <span class='ocrx_word' id='word_1_26' title='bbox 573 527 794 585; x_wconf 82' lang='lat' dir='ltr'>religione</span> <span class='ocrx_word' id='word_1_27' title='bbox 821 528 1054 571; x_wconf 85' lang='lat' dir='ltr'>laboribus</span> <span class='ocrx_word' id='word_1_28' title='bbox 1067 562 1077 581; x_wconf 92' lang='lat'>,</span> <span class='ocrx_word' id='word_1_29' title='bbox 1124 528 1422 586; x_wconf 89' lang='lat' dir='ltr'>collegiorum</span> <span class='ocrx_word' id='word_1_30' title='bbox 1465 529 1827 585; x_wconf 87' lang='lat' dir='ltr'>fundationibus,</span> 
     </span>
     <span class='ocr_line' id='line_1_6' title="bbox 189 603 1558 662; baseline 0.001 -15"><span class='ocrx_word' id='word_1_31' title='bbox 189 603 352 648; x_wconf 87' lang='lat' dir='ltr'>litteris</span> <span class='ocrx_word' id='word_1_32' title='bbox 373 605 431 648; x_wconf 93' lang='lat' dir='ltr'>ad</span> <span class='ocrx_word' id='word_1_33' title='bbox 452 605 713 662; x_wconf 90' lang='lat' dir='ltr'>pontificem</span> <span class='ocrx_word' id='word_1_34' title='bbox 734 605 868 658; x_wconf 90' lang='lat' dir='ltr'>datis,</span> <span class='ocrx_word' id='word_1_35' title='bbox 894 613 983 650; x_wconf 89' lang='lat' dir='ltr'>etc.</span> <span class='ocrx_word' id='word_1_36' title='bbox 1009 606 1152 649; x_wconf 91' lang='lat' dir='ltr'>multa</span> <span class='ocrx_word' id='word_1_37' title='bbox 1173 605 1558 651; x_wconf 88' lang='lat' dir='ltr'>intermiscentur.</span> 
     </span>
    </p>

    <p class='ocr_par' dir='ltr' id='par_1_4' title="bbox 191 682 1830 802">
     <span class='ocr_line' id='line_1_7' title="bbox 279 682 1830 741; baseline 0.003 -16"><span class='ocrx_word' id='word_1_38' title='bbox 279 682 518 726; x_wconf 89' lang='lat' dir='ltr'>Hactenus</span> <span class='ocrx_word' id='word_1_39' title='bbox 540 683 598 727; x_wconf 92' lang='lat' dir='ltr'>de</span> <span class='ocrx_word' id='word_1_40' title='bbox 612 684 751 727; x_wconf 90' lang='lat' dir='ltr'>rebus</span> <span class='ocrx_word' id='word_1_41' title='bbox 767 684 825 726; x_wconf 93' lang='lat' dir='ltr'>ad</span> <span class='ocrx_word' id='word_1_42' title='bbox 841 683 1092 727; x_wconf 90' lang='lat' dir='ltr'>catholicae</span> <span class='ocrx_word' id='word_1_43' title='bbox 1108 682 1327 727; x_wconf 88' lang='lat' dir='ltr'>ecclesiae</span> <span class='ocrx_word' id='word_1_44' title='bbox 1344 683 1578 727; x_wconf 90' lang='lat' dir='ltr'>historiam</span> <span class='ocrx_word' id='word_1_45' title='bbox 1595 684 1830 741; x_wconf 90' lang='lat' dir='ltr'>pertinen-</span> 
     </span>
     <span class='ocr_line' id='line_1_8' title="bbox 191 757 329 802; baseline 0.007 -1"><span class='ocrx_word' id='word_1_46' title='bbox 191 757 329 802; x_wconf 87' lang='lat' dir='ltr'>tibus.</span> 
     </span>
    </p>

    <p class='ocr_par' dir='ltr' id='par_1_5' title="bbox 181 837 1828 1513">
     <span class='ocr_line' id='line_1_9' title="bbox 276 837 1828 895; baseline 0.002 -15"><span class='ocrx_word' id='word_1_47' title='bbox 276 848 412 880; x_wconf 75' lang='lat' dir='ltr'>2‚um‚</span> <span class='ocrx_word' id='word_1_48' title='bbox 434 838 534 880; x_wconf 86' lang='lat' dir='ltr'>Pro</span> <span class='ocrx_word' id='word_1_49' title='bbox 550 837 745 880; x_wconf 80' lang='lat' dir='ltr'>historia</span> <span class='ocrx_word' id='word_1_50' title='bbox 760 838 993 880; x_wconf 77' lang='lat' dir='ltr'>Societatis</span> <span class='ocrx_word' id='word_1_51' title='bbox 1003 837 1132 895; x_wconf 80' lang='lat' dir='ltr'>Jesu.</span> <span class='ocrx_word' id='word_1_52' title='bbox 1142 837 1400 881; x_wconf 88' lang='lat' dir='ltr'>—Tametsi</span> <span class='ocrx_word' id='word_1_53' title='bbox 1417 838 1561 894; x_wconf 90' lang='lat' dir='ltr'>major</span> <span class='ocrx_word' id='word_1_54' title='bbox 1576 840 1828 883; x_wconf 91' lang='lat' dir='ltr'>documen-</span> 
     </span>
     <span class='ocr_line' id='line_1_10' title="bbox 188 913 1826 973; baseline 0.002 -17"><span class='ocrx_word' id='word_1_55' title='bbox 188 919 337 957; x_wconf 89' lang='lat' dir='ltr'>torum</span> <span class='ocrx_word' id='word_1_56' title='bbox 359 915 496 971; x_wconf 88' lang='lat' dir='ltr'>hujus</span> <span class='ocrx_word' id='word_1_57' title='bbox 517 913 761 959; x_wconf 89' lang='lat' dir='ltr'>voluminis</span> <span class='ocrx_word' id='word_1_58' title='bbox 782 929 887 971; x_wconf 92' lang='lat' dir='ltr'>pars</span> <span class='ocrx_word' id='word_1_59' title='bbox 908 914 967 958; x_wconf 90' lang='lat' dir='ltr'>ad</span> <span class='ocrx_word' id='word_1_60' title='bbox 981 913 1300 971; x_wconf 85' lang='lat' dir='ltr'>particularem</span> <span class='ocrx_word' id='word_1_61' title='bbox 1317 915 1551 959; x_wconf 87' lang='lat' dir='ltr'>historiam</span> <span class='ocrx_word' id='word_1_62' title='bbox 1570 916 1826 973; x_wconf 91' lang='lat' dir='ltr'>provincia-</span> 
     </span>
     <span class='ocr_line' id='line_1_11' title="bbox 185 991 1827 1052; baseline 0.002 -18"><span class='ocrx_word' id='word_1_63' title='bbox 185 1005 286 1034; x_wconf 85' lang='lat' dir='ltr'>rum</span> <span class='ocrx_word' id='word_1_64' title='bbox 303 991 578 1041; x_wconf 85' lang='lat' dir='ltr'>Germaniae</span> <span class='ocrx_word' id='word_1_65' title='bbox 594 991 866 1049; x_wconf 89' lang='lat' dir='ltr'>pertineant,</span> <span class='ocrx_word' id='word_1_66' title='bbox 886 991 1026 1035; x_wconf 87' lang='lat' dir='ltr'>nihilo</span> <span class='ocrx_word' id='word_1_67' title='bbox 1043 991 1193 1035; x_wconf 90' lang='lat' dir='ltr'>secius</span> <span class='ocrx_word' id='word_1_68' title='bbox 1209 992 1449 1049; x_wconf 86' lang='lat' dir='ltr'>generales</span> <span class='ocrx_word' id='word_1_69' title='bbox 1460 992 1704 1038; x_wconf 89' lang='lat' dir='ltr'>Societatis</span> <span class='ocrx_word' id='word_1_70' title='bbox 1714 995 1827 1052; x_wconf 90' lang='lat' dir='ltr'>Jesu</span> 
     </span>
     <span class='ocr_line' id='line_1_12' title="bbox 186 1067 1826 1126; baseline 0.002 -15"><span class='ocrx_word' id='word_1_71' title='bbox 186 1067 291 1112; x_wconf 72' lang='lat' dir='ltr'>fasti</span> <span class='ocrx_word' id='word_1_72' title='bbox 312 1068 627 1126; x_wconf 84' lang='lat' dir='ltr'>frequentibus</span> <span class='ocrx_word' id='word_1_73' title='bbox 654 1068 1048 1122; x_wconf 88' lang='lat' dir='ltr'>illustrationibus,</span> <span class='ocrx_word' id='word_1_74' title='bbox 1079 1083 1290 1125; x_wconf 91' lang='lat' dir='ltr'>novaque</span> <span class='ocrx_word' id='word_1_75' title='bbox 1316 1070 1420 1113; x_wconf 88' lang='lat' dir='ltr'>luce</span> <span class='ocrx_word' id='word_1_76' title='bbox 1441 1070 1685 1124; x_wconf 87' lang='lat' dir='ltr'>donantur,</span> <span class='ocrx_word' id='word_1_77' title='bbox 1717 1072 1826 1114; x_wconf 91' lang='lat' dir='ltr'>dum</span> 
     </span>
     <span class='ocr_line' id='line_1_13' title="bbox 185 1144 1826 1204; baseline 0.002 -16"><span class='ocrx_word' id='word_1_78' title='bbox 185 1144 271 1202; x_wconf 93' lang='lat' dir='ltr'>ipsi</span> <span class='ocrx_word' id='word_1_79' title='bbox 294 1146 460 1200; x_wconf 87' lang='lat' dir='ltr'>fontes,</span> <span class='ocrx_word' id='word_1_80' title='bbox 487 1147 608 1190; x_wconf 89' lang='lat' dir='ltr'>unde</span> <span class='ocrx_word' id='word_1_81' title='bbox 629 1145 883 1191; x_wconf 86' lang='lat' dir='ltr'>Sacchinus</span> <span class='ocrx_word' id='word_1_82' title='bbox 905 1145 1072 1204; x_wconf 91' lang='lat' dir='ltr'>aliique</span> <span class='ocrx_word' id='word_1_83' title='bbox 1100 1146 1243 1190; x_wconf 90' lang='lat' dir='ltr'>nostri</span> <span class='ocrx_word' id='word_1_84' title='bbox 1271 1147 1515 1204; x_wconf 89' lang='lat' dir='ltr'>scriptores</span> <span class='ocrx_word' id='word_1_85' title='bbox 1537 1147 1716 1192; x_wconf 89' lang='lat' dir='ltr'>annalia</span> <span class='ocrx_word' id='word_1_86' title='bbox 1743 1163 1826 1192; x_wconf 91' lang='lat' dir='ltr'>sua</span> 
     </span>
     <span class='ocr_line' id='line_1_14' title="bbox 184 1219 1823 1283; baseline 0.002 -16"><span class='ocrx_word' id='word_1_87' title='bbox 184 1222 578 1280; x_wconf 88' lang='lat' dir='ltr'>deprompserunt,</span> <span class='ocrx_word' id='word_1_88' title='bbox 603 1223 784 1280; x_wconf 90' lang='lat' dir='ltr'>publice</span> <span class='ocrx_word' id='word_1_89' title='bbox 805 1223 1119 1281; x_wconf 86' lang='lat' dir='ltr'>divulgantur,</span> <span class='ocrx_word' id='word_1_90' title='bbox 1144 1239 1201 1268; x_wconf 86' lang='lat' dir='ltr'>ex</span> <span class='ocrx_word' id='word_1_91' title='bbox 1223 1219 1390 1280; x_wconf 80' lang='lat' dir='ltr'>quibus</span> <span class='ocrx_word' id='word_1_92' title='bbox 1413 1226 1572 1279; x_wconf 90' lang='lat' dir='ltr'>multa,</span> <span class='ocrx_word' id='word_1_93' title='bbox 1591 1240 1677 1269; x_wconf 91' lang='lat' dir='ltr'>nec</span> <span class='ocrx_word' id='word_1_94' title='bbox 1699 1241 1823 1283; x_wconf 89' lang='lat' dir='ltr'>sper·</span> 
     </span>
     <span class='ocr_line' id='line_1_15' title="bbox 184 1300 1823 1360; baseline 0.002 -16"><span class='ocrx_word' id='word_1_95' title='bbox 184 1301 351 1354; x_wconf 91' lang='lat' dir='ltr'>nenda,</span> <span class='ocrx_word' id='word_1_96' title='bbox 382 1302 440 1345; x_wconf 93' lang='lat' dir='ltr'>ab</span> <span class='ocrx_word' id='word_1_97' title='bbox 467 1300 556 1345; x_wconf 92' lang='lat' dir='ltr'>illis</span> <span class='ocrx_word' id='word_1_98' title='bbox 591 1300 926 1358; x_wconf 89' lang='lat' dir='ltr'>praetermissa,</span> <span class='ocrx_word' id='word_1_99' title='bbox 966 1301 1157 1358; x_wconf 92' lang='lat' dir='ltr'>quilibet</span> <span class='ocrx_word' id='word_1_100' title='bbox 1177 1316 1259 1358; x_wconf 92' lang='lat' dir='ltr'>per</span> <span class='ocrx_word' id='word_1_101' title='bbox 1285 1302 1597 1360; x_wconf 90' lang='lat' dir='ltr'>semetipsum,</span> <span class='ocrx_word' id='word_1_102' title='bbox 1622 1303 1773 1359; x_wconf 91' lang='lat' dir='ltr'>qualia</span> <span class='ocrx_word' id='word_1_103' title='bbox 1796 1320 1823 1347; x_wconf 92' lang='lat' dir='ltr'>a</span> 
     </span>
     <span class='ocr_line' id='line_1_16' title="bbox 184 1377 1823 1437; baseline 0.002 -15"><span class='ocrx_word' id='word_1_104' title='bbox 184 1378 280 1422; x_wconf 91' lang='grc' dir='ltr'>ΡΡ.</span> <span class='ocrx_word' id='word_1_105' title='bbox 311 1377 500 1431; x_wconf 90' lang='lat' dir='ltr'>Lainez,</span> <span class='ocrx_word' id='word_1_106' title='bbox 528 1379 750 1433; x_wconf 90' lang='lat' dir='ltr'>Polanco,</span> <span class='ocrx_word' id='word_1_107' title='bbox 783 1379 952 1432; x_wconf 89' lang='lat' dir='ltr'>Nadal,</span> <span class='ocrx_word' id='word_1_108' title='bbox 987 1379 1143 1435; x_wconf 89' lang='lat' dir='ltr'>Borja,</span> <span class='ocrx_word' id='word_1_109' title='bbox 1175 1379 1383 1433; x_wconf 88' lang='lat' dir='ltr'>Canisio,</span> <span class='ocrx_word' id='word_1_110' title='bbox 1414 1379 1461 1423; x_wconf 92' lang='lat' dir='ltr'>in</span> <span class='ocrx_word' id='word_1_111' title='bbox 1495 1380 1591 1424; x_wconf 91' lang='lat' dir='ltr'>suis</span> <span class='ocrx_word' id='word_1_112' title='bbox 1619 1379 1823 1437; x_wconf 90' lang='lat' dir='ltr'>epistolis</span> 
     </span>
     <span class='ocr_line' id='line_1_17' title="bbox 181 1455 1221 1513; baseline 0.001 -14"><span class='ocrx_word' id='word_1_113' title='bbox 181 1461 362 1499; x_wconf 87' lang='lat' dir='ltr'>narrata</span> <span class='ocrx_word' id='word_1_114' title='bbox 382 1456 585 1510; x_wconf 83' lang='lat' dir='ltr'>fuerunt,</span> <span class='ocrx_word' id='word_1_115' title='bbox 612 1455 743 1500; x_wconf 87' lang='lat' dir='ltr'>facile</span> <span class='ocrx_word' id='word_1_116' title='bbox 764 1469 1048 1513; x_wconf 88' lang='lat' dir='ltr'>cognoscere</span> <span class='ocrx_word' id='word_1_117' title='bbox 1070 1464 1221 1512; x_wconf 91' lang='lat' dir='ltr'>queat.</span> 
     </span>
    </p>

    <p class='ocr_par' dir='ltr' id='par_1_6' title="bbox 119 1531 1819 3133">
     <span class='ocr_line' id='line_1_18' title="bbox 268 1531 1819 1590; baseline 0.001 -13"><span class='ocrx_word' id='word_1_118' title='bbox 268 1531 363 1586; x_wconf 90' lang='lat' dir='ltr'>Sic,</span> <span class='ocrx_word' id='word_1_119' title='bbox 388 1532 583 1589; x_wconf 81' lang='lat' dir='ltr'>exempli</span> <span class='ocrx_word' id='word_1_120' title='bbox 605 1532 768 1590; x_wconf 85' lang='lat' dir='ltr'>gratia,</span> <span class='ocrx_word' id='word_1_121' title='bbox 793 1532 1012 1589; x_wconf 90' lang='lat' dir='ltr'>epistolae</span> <span class='ocrx_word' id='word_1_122' title='bbox 1033 1532 1164 1576; x_wconf 90' lang='lat' dir='ltr'>annis</span> <span class='ocrx_word' id='word_1_123' title='bbox 1188 1533 1297 1588; x_wconf 89' lang='lat'>1562</span> <span class='ocrx_word' id='word_1_124' title='bbox 1314 1540 1361 1577; x_wconf 90' lang='lat' dir='ltr'>et</span> <span class='ocrx_word' id='word_1_125' title='bbox 1389 1535 1515 1590; x_wconf 87' lang='lat'>1563,</span> <span class='ocrx_word' id='word_1_126' title='bbox 1536 1535 1594 1578; x_wconf 92' lang='lat' dir='ltr'>ad</span> <span class='ocrx_word' id='word_1_127' title='bbox 1611 1536 1819 1579; x_wconf 87' lang='lat' dir='ltr'>Natalem</span> 
     </span>
     <span class='ocr_line' id='line_1_19' title="bbox 178 1609 1819 1669; baseline 0.002 -17"><span class='ocrx_word' id='word_1_128' title='bbox 178 1623 206 1652; x_wconf 95' lang='lat' dir='ltr'>a</span> <span class='ocrx_word' id='word_1_129' title='bbox 233 1609 435 1664; x_wconf 89' lang='lat' dir='ltr'>Polanco</span> <span class='ocrx_word' id='word_1_130' title='bbox 462 1609 646 1655; x_wconf 91' lang='lat' dir='ltr'>nomine</span> <span class='ocrx_word' id='word_1_131' title='bbox 678 1609 923 1667; x_wconf 90' lang='lat' dir='ltr'>praepositi</span> <span class='ocrx_word' id='word_1_132' title='bbox 952 1610 1180 1667; x_wconf 88' lang='lat' dir='ltr'>generalis</span> <span class='ocrx_word' id='word_1_133' title='bbox 1207 1611 1357 1665; x_wconf 90' lang='lat' dir='ltr'>datae,</span> <span class='ocrx_word' id='word_1_134' title='bbox 1388 1612 1526 1668; x_wconf 90' lang='lat' dir='ltr'>hujus</span> <span class='ocrx_word' id='word_1_135' title='bbox 1554 1611 1819 1669; x_wconf 90' lang='lat' dir='ltr'>vigilantem</span> 
     </span>
     <span class='ocr_line' id='line_1_20' title="bbox 177 1685 1819 1746; baseline 0.003 -16"><span class='ocrx_word' id='word_1_136' title='bbox 177 1685 531 1733; x_wconf 87' lang='lat' dir='ltr'>sollicitudinem</span> <span class='ocrx_word' id='word_1_137' title='bbox 568 1702 649 1744; x_wconf 91' lang='lat' dir='ltr'>pro</span> <span class='ocrx_word' id='word_1_138' title='bbox 679 1686 918 1744; x_wconf 89' lang='lat' dir='ltr'>disciplina</span> <span class='ocrx_word' id='word_1_139' title='bbox 954 1687 1167 1744; x_wconf 88' lang='lat' dir='ltr'>religiosa</span> <span class='ocrx_word' id='word_1_140' title='bbox 1203 1687 1374 1745; x_wconf 91' lang='lat' dir='ltr'>ubique</span> <span class='ocrx_word' id='word_1_141' title='bbox 1406 1691 1720 1746; x_wconf 90' lang='lat' dir='ltr'>promovenda</span> <span class='ocrx_word' id='word_1_142' title='bbox 1750 1698 1819 1735; x_wconf 89' lang='lat' dir='ltr'>te-</span> 
     </span>
     <span class='ocr_line' id='line_1_21' title="bbox 176 1763 1815 1821; baseline 0.002 -14"><span class='ocrx_word' id='word_1_143' title='bbox 176 1769 358 1807; x_wconf 79' lang='lat' dir='ltr'>stantur</span> <span class='ocrx_word' id='word_1_144' title='bbox 378 1763 426 1807; x_wconf 93' lang='lat' dir='ltr'>in</span> <span class='ocrx_word' id='word_1_145' title='bbox 442 1764 671 1821; x_wconf 88' lang='lat' dir='ltr'>responsis</span> <span class='ocrx_word' id='word_1_146' title='bbox 688 1765 745 1808; x_wconf 91' lang='lat' dir='ltr'>ad</span> <span class='ocrx_word' id='word_1_147' title='bbox 761 1764 901 1808; x_wconf 91' lang='lat' dir='ltr'>dubia</span> <span class='ocrx_word' id='word_1_148' title='bbox 916 1764 1148 1821; x_wconf 89' lang='lat' dir='ltr'>proposita</span> <span class='ocrx_word' id='word_1_149' title='bbox 1163 1779 1190 1809; x_wconf 95' lang='lat' dir='ltr'>a</span> <span class='ocrx_word' id='word_1_150' title='bbox 1208 1766 1302 1810; x_wconf 92' lang='grc' dir='ltr'>ΡΡ.</span> <span class='ocrx_word' id='word_1_151' title='bbox 1325 1767 1437 1819; x_wconf 89' lang='lat' dir='ltr'>Vaz,</span> <span class='ocrx_word' id='word_1_152' title='bbox 1458 1767 1815 1820; x_wconf 90' lang='lat' dir='ltr'>Valderrabano‚</span> 
     </span>
     <span class='ocr_line' id='line_1_22' title="bbox 177 1835 1815 1903; baseline 0.002 -18"><span class='ocrx_word' id='word_1_153' title='bbox 177 1835 351 1886; x_wconf 83' lang='lat' dir='ltr'>Suarez</span> <span class='ocrx_word' id='word_1_154' title='bbox 365 1875 375 1895; x_wconf 94' lang='lat'>,</span> <span class='ocrx_word' id='word_1_155' title='bbox 413 1841 603 1898; x_wconf 90' lang='lat' dir='ltr'>aliisque</span> <span class='ocrx_word' id='word_1_156' title='bbox 639 1841 993 1899; x_wconf 89' lang='lat' dir='ltr'>provincialibus</span> <span class='ocrx_word' id='word_1_157' title='bbox 1029 1843 1103 1886; x_wconf 90' lang='lat' dir='ltr'>vel</span> <span class='ocrx_word' id='word_1_158' title='bbox 1139 1843 1393 1888; x_wconf 91' lang='lat' dir='ltr'>rectoribus</span> <span class='ocrx_word' id='word_1_159' title='bbox 1430 1844 1706 1888; x_wconf 90' lang='lat' dir='ltr'>transmissis</span> <span class='ocrx_word' id='word_1_160' title='bbox 1744 1845 1815 1903; x_wconf 88' lang='lat'>(28</span> 
     </span>
     <span class='ocr_line' id='line_1_23' title="bbox 178 1909 1818 1978; baseline 0.002 -17"><span class='ocrx_word' id='word_1_161' title='bbox 178 1918 317 1971; x_wconf 60' lang='lat' dir='ltr'>Now,</span> <span class='ocrx_word' id='word_1_162' title='bbox 349 1931 401 1973; x_wconf 87' lang='lat'>14</span> <span class='ocrx_word' id='word_1_163' title='bbox 422 1920 533 1964; x_wconf 89' lang='lat' dir='ltr'>Dec.</span> <span class='ocrx_word' id='word_1_164' title='bbox 561 1920 634 1973; x_wconf 87' lang='lat'>62;</span> <span class='ocrx_word' id='word_1_165' title='bbox 660 1934 688 1976; x_wconf 87' lang='lat'>9</span> <span class='ocrx_word' id='word_1_166' title='bbox 710 1926 756 1963; x_wconf 91' lang='lat' dir='ltr'>et</span> <span class='ocrx_word' id='word_1_167' title='bbox 774 1930 827 1974; x_wconf 90' lang='lat'>25</span> <span class='ocrx_word' id='word_1_168' title='bbox 853 1920 980 1976; x_wconf 88' lang='lat' dir='ltr'>Aug.</span> <span class='ocrx_word' id='word_1_169' title='bbox 1006 1919 1079 1974; x_wconf 89' lang='lat'>63,</span> <span class='ocrx_word' id='word_1_170' title='bbox 1105 1909 1212 1977; x_wconf 48' lang='lat' dir='ltr'>etc&#39;.)</span> <span class='ocrx_word' id='word_1_171' title='bbox 1232 1922 1322 1964; x_wconf 92' lang='lat' dir='ltr'>Pro</span> <span class='ocrx_word' id='word_1_172' title='bbox 1344 1920 1550 1978; x_wconf 89' lang='lat' dir='ltr'>collegiis</span> <span class='ocrx_word' id='word_1_173' title='bbox 1567 1936 1754 1966; x_wconf 90' lang='lat' dir='ltr'>romano</span> <span class='ocrx_word' id='word_1_174' title='bbox 1770 1929 1818 1967; x_wconf 90' lang='lat' dir='ltr'>et</span> 
     </span>
     <span class='ocr_line' id='line_1_24' title="bbox 177 1994 1817 2053; baseline 0.002 -15"><span class='ocrx_word' id='word_1_175' title='bbox 177 1994 440 2052; x_wconf 90' lang='lat' dir='ltr'>germanico</span> <span class='ocrx_word' id='word_1_176' title='bbox 456 1996 700 2041; x_wconf 87' lang='lat' dir='ltr'>sufficienti</span> <span class='ocrx_word' id='word_1_177' title='bbox 721 1995 953 2040; x_wconf 92' lang='lat' dir='ltr'>dotatione</span> <span class='ocrx_word' id='word_1_178' title='bbox 975 1996 1214 2050; x_wconf 90' lang='lat' dir='ltr'>donandis,</span> <span class='ocrx_word' id='word_1_179' title='bbox 1240 2005 1462 2053; x_wconf 90' lang='lat' dir='ltr'>quantum</span> <span class='ocrx_word' id='word_1_180' title='bbox 1484 1998 1637 2043; x_wconf 89' lang='lat' dir='ltr'>eximii</span> <span class='ocrx_word' id='word_1_181' title='bbox 1652 1998 1715 2042; x_wconf 94' lang='lat' dir='ltr'>illi</span> <span class='ocrx_word' id='word_1_182' title='bbox 1731 1998 1817 2042; x_wconf 90' lang='lat' dir='ltr'>viri</span> 
     </span>
     <span class='ocr_line' id='line_1_25' title="bbox 175 2071 1818 2130; baseline 0.002 -13"><span class='ocrx_word' id='word_1_183' title='bbox 175 2071 360 2126; x_wconf 89' lang='lat' dir='ltr'>Lainez,</span> <span class='ocrx_word' id='word_1_184' title='bbox 389 2073 573 2130; x_wconf 88' lang='lat' dir='ltr'>Borgia,</span> <span class='ocrx_word' id='word_1_185' title='bbox 607 2074 807 2117; x_wconf 91' lang='lat' dir='ltr'>Polanco</span> <span class='ocrx_word' id='word_1_186' title='bbox 830 2080 876 2118; x_wconf 90' lang='lat' dir='ltr'>et</span> <span class='ocrx_word' id='word_1_187' title='bbox 906 2073 1054 2117; x_wconf 92' lang='lat' dir='ltr'>Nadal</span> <span class='ocrx_word' id='word_1_188' title='bbox 1081 2073 1412 2128; x_wconf 90' lang='lat' dir='ltr'>insudaverint,</span> <span class='ocrx_word' id='word_1_189' title='bbox 1436 2076 1619 2120; x_wconf 89' lang='lat' dir='ltr'>abunde</span> <span class='ocrx_word' id='word_1_190' title='bbox 1646 2083 1692 2120; x_wconf 91' lang='lat' dir='ltr'>et</span> <span class='ocrx_word' id='word_1_191' title='bbox 1715 2091 1818 2121; x_wconf 92' lang='lat' dir='ltr'>sae-</span> 
     </span>
     <span class='ocr_line' id='line_1_26' title="bbox 174 2149 1815 2209; baseline 0.002 -17"><span class='ocrx_word' id='word_1_192' title='bbox 174 2149 357 2206; x_wconf 88' lang='lat' dir='ltr'>pissime</span> <span class='ocrx_word' id='word_1_193' title='bbox 378 2164 535 2195; x_wconf 91' lang='lat' dir='ltr'>eorum</span> <span class='ocrx_word' id='word_1_194' title='bbox 557 2149 735 2195; x_wconf 88' lang='lat' dir='ltr'>litterae</span> <span class='ocrx_word' id='word_1_195' title='bbox 757 2158 1131 2204; x_wconf 91' lang='lat' dir='ltr'>commonstrant,</span> <span class='ocrx_word' id='word_1_196' title='bbox 1157 2151 1420 2208; x_wconf 89' lang='lat' dir='ltr'>praesertim</span> <span class='ocrx_word' id='word_1_197' title='bbox 1443 2167 1564 2197; x_wconf 90' lang='lat' dir='ltr'>anno</span> <span class='ocrx_word' id='word_1_198' title='bbox 1598 2154 1709 2209; x_wconf 88' lang='lat'>1563</span> <span class='ocrx_word' id='word_1_199' title='bbox 1732 2154 1815 2196; x_wconf 90' lang='lat' dir='ltr'>da-</span> 
     </span>
     <span class='ocr_line' id='line_1_27' title="bbox 172 2227 1811 2287; baseline 0.002 -17"><span class='ocrx_word' id='word_1_200' title='bbox 172 2232 248 2270; x_wconf 90' lang='lat' dir='ltr'>tae</span> <span class='ocrx_word' id='word_1_201' title='bbox 269 2227 342 2284; x_wconf 86' lang='lat'>(29</span> <span class='ocrx_word' id='word_1_202' title='bbox 352 2228 482 2285; x_wconf 86' lang='lat' dir='ltr'>Jun.,</span> <span class='ocrx_word' id='word_1_203' title='bbox 504 2238 560 2282; x_wconf 90' lang='lat'>27</span> <span class='ocrx_word' id='word_1_204' title='bbox 570 2227 685 2286; x_wconf 91' lang='lat' dir='ltr'>Jul.,</span> <span class='ocrx_word' id='word_1_205' title='bbox 708 2241 732 2283; x_wconf 88' lang='lat'>3</span> <span class='ocrx_word' id='word_1_206' title='bbox 751 2234 797 2272; x_wconf 92' lang='lat' dir='ltr'>et</span> <span class='ocrx_word' id='word_1_207' title='bbox 814 2242 842 2284; x_wconf 88' lang='lat'>9</span> <span class='ocrx_word' id='word_1_208' title='bbox 860 2228 1006 2284; x_wconf 75' lang='lat' dir='ltr'>Aug,</span> <span class='ocrx_word' id='word_1_209' title='bbox 1033 2228 1085 2271; x_wconf 88' lang='lat'>16</span> <span class='ocrx_word' id='word_1_210' title='bbox 1101 2229 1249 2285; x_wconf 86' lang='lat' dir='ltr'>Sept.,</span> <span class='ocrx_word' id='word_1_211' title='bbox 1269 2230 1377 2286; x_wconf 90' lang='lat' dir='ltr'>etc.)</span> <span class='ocrx_word' id='word_1_212' title='bbox 1396 2231 1674 2287; x_wconf 86' lang='lat' dir='ltr'>Legatorum</span> <span class='ocrx_word' id='word_1_213' title='bbox 1697 2245 1811 2287; x_wconf 93' lang='lat' dir='ltr'>pon-</span> 
     </span>
     <span class='ocr_line' id='line_1_28' title="bbox 173 2302 1812 2363; baseline 0.003 -17"><span class='ocrx_word' id='word_1_214' title='bbox 173 2302 307 2347; x_wconf 91' lang='lat' dir='ltr'>tificis</span> <span class='ocrx_word' id='word_1_215' title='bbox 327 2303 376 2347; x_wconf 89' lang='lat' dir='ltr'>in</span> <span class='ocrx_word' id='word_1_216' title='bbox 397 2304 590 2348; x_wconf 92' lang='lat' dir='ltr'>concilio</span> <span class='ocrx_word' id='word_1_217' title='bbox 611 2319 692 2361; x_wconf 93' lang='lat' dir='ltr'>pro</span> <span class='ocrx_word' id='word_1_218' title='bbox 715 2304 960 2350; x_wconf 86' lang='lat' dir='ltr'>Societatis</span> <span class='ocrx_word' id='word_1_219' title='bbox 987 2305 1178 2361; x_wconf 89' lang='lat' dir='ltr'>ejusque</span> <span class='ocrx_word' id='word_1_220' title='bbox 1206 2306 1451 2363; x_wconf 89' lang='lat' dir='ltr'>praepositi</span> <span class='ocrx_word' id='word_1_221' title='bbox 1479 2307 1602 2351; x_wconf 93' lang='lat' dir='ltr'>bono</span> <span class='ocrx_word' id='word_1_222' title='bbox 1628 2307 1812 2351; x_wconf 89' lang='lat' dir='ltr'>nomine</span> 
     </span>
     <span class='ocr_line' id='line_1_29' title="bbox 174 2380 1811 2441; baseline 0.004 -18"><span class='ocrx_word' id='word_1_223' title='bbox 174 2381 346 2424; x_wconf 89' lang='lat' dir='ltr'>tuendo</span> <span class='ocrx_word' id='word_1_224' title='bbox 367 2380 565 2438; x_wconf 92' lang='lat' dir='ltr'>diploma</span> <span class='ocrx_word' id='word_1_225' title='bbox 586 2395 692 2425; x_wconf 92' lang='lat' dir='ltr'>cum</span> <span class='ocrx_word' id='word_1_226' title='bbox 715 2383 962 2438; x_wconf 92' lang='lat' dir='ltr'>archetypo</span> <span class='ocrx_word' id='word_1_227' title='bbox 989 2382 1203 2426; x_wconf 92' lang='lat' dir='ltr'>collatum</span> <span class='ocrx_word' id='word_1_228' title='bbox 1226 2383 1264 2440; x_wconf 92' lang='lat'>(1</span> <span class='ocrx_word' id='word_1_229' title='bbox 1290 2384 1446 2440; x_wconf 90' lang='lat' dir='ltr'>Nov.),</span> <span class='ocrx_word' id='word_1_230' title='bbox 1471 2383 1690 2441; x_wconf 90' lang='lat' dir='ltr'>epistolae</span> <span class='ocrx_word' id='word_1_231' title='bbox 1719 2385 1811 2430; x_wconf 87' lang='lat' dir='ltr'>fre-</span> 
     </span>
     <span class='ocr_line' id='line_1_30' title="bbox 172 2458 1809 2518; baseline 0.002 -18"><span class='ocrx_word' id='word_1_232' title='bbox 172 2463 365 2512; x_wconf 91' lang='lat' dir='ltr'>quentes</span> <span class='ocrx_word' id='word_1_233' title='bbox 385 2459 443 2502; x_wconf 94' lang='lat' dir='ltr'>de</span> <span class='ocrx_word' id='word_1_234' title='bbox 464 2459 601 2503; x_wconf 89' lang='lat' dir='ltr'>rebus</span> <span class='ocrx_word' id='word_1_235' title='bbox 622 2458 803 2502; x_wconf 93' lang='lat' dir='ltr'>concilii</span> <span class='ocrx_word' id='word_1_236' title='bbox 828 2459 944 2502; x_wconf 91' lang='lat' dir='ltr'>ultro</span> <span class='ocrx_word' id='word_1_237' title='bbox 966 2458 1170 2515; x_wconf 91' lang='lat' dir='ltr'>citroque</span> <span class='ocrx_word' id='word_1_238' title='bbox 1191 2460 1339 2513; x_wconf 91' lang='lat' dir='ltr'>datae,</span> <span class='ocrx_word' id='word_1_239' title='bbox 1366 2460 1623 2505; x_wconf 89' lang='lat' dir='ltr'>testimonia</span> <span class='ocrx_word' id='word_1_240' title='bbox 1640 2461 1809 2518; x_wconf 88' lang='lat' dir='ltr'>princi-</span> 
     </span>
     <span class='ocr_line' id='line_1_31' title="bbox 171 2533 1807 2594; baseline 0.002 -17"><span class='ocrx_word' id='word_1_241' title='bbox 171 2548 283 2591; x_wconf 91' lang='lat' dir='ltr'>pum</span> <span class='ocrx_word' id='word_1_242' title='bbox 304 2533 553 2591; x_wconf 90' lang='lat' dir='ltr'>Hispaniae</span> <span class='ocrx_word' id='word_1_243' title='bbox 574 2542 621 2580; x_wconf 88' lang='lat' dir='ltr'>et</span> <span class='ocrx_word' id='word_1_244' title='bbox 641 2535 914 2580; x_wconf 90' lang='lat' dir='ltr'>Germaniae</span> <span class='ocrx_word' id='word_1_245' title='bbox 936 2550 1018 2592; x_wconf 92' lang='lat' dir='ltr'>pro</span> <span class='ocrx_word' id='word_1_246' title='bbox 1039 2535 1268 2581; x_wconf 89' lang='lat' dir='ltr'>Societate</span> <span class='ocrx_word' id='word_1_247' title='bbox 1288 2537 1470 2594; x_wconf 89' lang='lat' dir='ltr'>saepius</span> <span class='ocrx_word' id='word_1_248' title='bbox 1490 2538 1548 2581; x_wconf 92' lang='lat' dir='ltr'>ad</span> <span class='ocrx_word' id='word_1_249' title='bbox 1571 2553 1807 2585; x_wconf 88' lang='lat' dir='ltr'>romanum</span> 
     </span>
     <span class='ocr_line' id='line_1_32' title="bbox 119 2610 1807 2671; baseline 0.001 -15"><span class='ocrx_word' id='word_1_250' title='bbox 119 2631 121 2635; x_wconf 53' lang='lat'><strong><em>⁴</em></strong></span> <span class='ocrx_word' id='word_1_251' title='bbox 171 2610 433 2668; x_wconf 71' lang='lat' dir='ltr'>pontificem</span> <span class='ocrx_word' id='word_1_252' title='bbox 463 2612 615 2667; x_wconf 90' lang='lat' dir='ltr'>missa,</span> <span class='ocrx_word' id='word_1_253' title='bbox 641 2612 858 2669; x_wconf 92' lang='lat' dir='ltr'>epistolae</span> <span class='ocrx_word' id='word_1_254' title='bbox 884 2612 1181 2657; x_wconf 91' lang='lat' dir='ltr'>cardinalium</span> <span class='ocrx_word' id='word_1_255' title='bbox 1203 2621 1250 2658; x_wconf 92' lang='lat' dir='ltr'>et</span> <span class='ocrx_word' id='word_1_256' title='bbox 1279 2613 1594 2671; x_wconf 90' lang='lat' dir='ltr'>episcoporum</span> <span class='ocrx_word' id='word_1_257' title='bbox 1622 2616 1680 2658; x_wconf 92' lang='lat' dir='ltr'>ad</span> <span class='ocrx_word' id='word_1_258' title='bbox 1702 2615 1807 2659; x_wconf 91' lang='lat' dir='ltr'>Lai-</span> 
     </span>
     <span class='ocr_line' id='line_1_33' title="bbox 171 2689 1807 2748; baseline 0.002 -17"><span class='ocrx_word' id='word_1_259' title='bbox 171 2701 257 2732; x_wconf 91' lang='lat' dir='ltr'>nez</span> <span class='ocrx_word' id='word_1_260' title='bbox 285 2694 332 2732; x_wconf 92' lang='lat' dir='ltr'>et</span> <span class='ocrx_word' id='word_1_261' title='bbox 359 2689 506 2732; x_wconf 90' lang='lat' dir='ltr'>Nadal</span> <span class='ocrx_word' id='word_1_262' title='bbox 533 2689 736 2746; x_wconf 90' lang='lat' dir='ltr'>aliosque</span> <span class='ocrx_word' id='word_1_263' title='bbox 767 2705 848 2747; x_wconf 91' lang='lat' dir='ltr'>pro</span> <span class='ocrx_word' id='word_1_264' title='bbox 875 2689 1120 2735; x_wconf 88' lang='lat' dir='ltr'>Societatis</span> <span class='ocrx_word' id='word_1_265' title='bbox 1147 2704 1286 2748; x_wconf 90' lang='lat' dir='ltr'>opera</span> <span class='ocrx_word' id='word_1_266' title='bbox 1312 2692 1598 2748; x_wconf 89' lang='lat' dir='ltr'>postulanda,</span> <span class='ocrx_word' id='word_1_267' title='bbox 1629 2691 1807 2748; x_wconf 85' lang='lat' dir='ltr'>aliaque</span> 
     </span>
     <span class='ocr_line' id='line_1_34' title="bbox 168 2764 1806 2825; baseline 0.002 -17"><span class='ocrx_word' id='word_1_268' title='bbox 168 2764 431 2821; x_wconf 91' lang='lat' dir='ltr'>hujusmodi</span> <span class='ocrx_word' id='word_1_269' title='bbox 458 2774 768 2822; x_wconf 89' lang='lat' dir='ltr'>monumenta,</span> <span class='ocrx_word' id='word_1_270' title='bbox 800 2767 1110 2824; x_wconf 89' lang='lat' dir='ltr'>prudentiam,</span> <span class='ocrx_word' id='word_1_271' title='bbox 1141 2767 1387 2821; x_wconf 91' lang='lat' dir='ltr'>solertiam,</span> <span class='ocrx_word' id='word_1_272' title='bbox 1418 2768 1702 2825; x_wconf 87' lang='lat' dir='ltr'>sapientiam,</span> <span class='ocrx_word' id='word_1_273' title='bbox 1733 2768 1806 2812; x_wconf 93' lang='lat' dir='ltr'>in—</span> 
     </span>
     <span class='ocr_line' id='line_1_35' title="bbox 167 2842 1805 2901; baseline 0.001 -14"><span class='ocrx_word' id='word_1_274' title='bbox 167 2849 424 2900; x_wconf 88' lang='lat' dir='ltr'>gentesque</span> <span class='ocrx_word' id='word_1_275' title='bbox 450 2842 630 2887; x_wconf 90' lang='lat' dir='ltr'>illorum</span> <span class='ocrx_word' id='word_1_276' title='bbox 659 2846 847 2888; x_wconf 90' lang='lat' dir='ltr'>Patrum</span> <span class='ocrx_word' id='word_1_277' title='bbox 874 2846 1052 2889; x_wconf 91' lang='lat' dir='ltr'>labores</span> <span class='ocrx_word' id='word_1_278' title='bbox 1079 2845 1302 2900; x_wconf 92' lang='lat' dir='ltr'>Tridenti,</span> <span class='ocrx_word' id='word_1_279' title='bbox 1327 2847 1515 2900; x_wconf 90' lang='lat' dir='ltr'>Romae,</span> <span class='ocrx_word' id='word_1_280' title='bbox 1546 2845 1736 2901; x_wconf 89' lang='lat' dir='ltr'>aliisque</span> <span class='ocrx_word' id='word_1_281' title='bbox 1757 2846 1805 2889; x_wconf 93' lang='lat' dir='ltr'>in</span> 
     </span>
     <span class='ocr_line' id='line_1_36' title="bbox 167 2918 1804 2978; baseline 0.002 -16"><span class='ocrx_word' id='word_1_282' title='bbox 167 2918 433 2976; x_wconf 87' lang='lat' dir='ltr'>regionibus</span> <span class='ocrx_word' id='word_1_283' title='bbox 473 2927 710 2976; x_wconf 90' lang='lat' dir='ltr'>susceptos</span> <span class='ocrx_word' id='word_1_284' title='bbox 751 2936 1028 2978; x_wconf 89' lang='lat' dir='ltr'>magnopere</span> <span class='ocrx_word' id='word_1_285' title='bbox 1068 2923 1401 2967; x_wconf 87' lang='lat' dir='ltr'>commendant.</span> <span class='ocrx_word' id='word_1_286' title='bbox 1445 2924 1616 2966; x_wconf 92' lang='lat' dir='ltr'>Votum</span> <span class='ocrx_word' id='word_1_287' title='bbox 1655 2922 1804 2967; x_wconf 88' lang='lat' dir='ltr'>Patris</span> 
     </span>
     <span class='ocr_line' id='line_1_37' title="bbox 170 2995 1804 3056; baseline 0.002 -16"><span class='ocrx_word' id='word_1_288' title='bbox 170 2995 338 3041; x_wconf 91' lang='lat' dir='ltr'>Lainez</span> <span class='ocrx_word' id='word_1_289' title='bbox 353 2996 401 3039; x_wconf 90' lang='lat' dir='ltr'>in</span> <span class='ocrx_word' id='word_1_290' title='bbox 417 2996 611 3040; x_wconf 92' lang='lat' dir='ltr'>coneilio</span> <span class='ocrx_word' id='word_1_291' title='bbox 633 2997 690 3041; x_wconf 91' lang='lat' dir='ltr'>de</span> <span class='ocrx_word' id='word_1_292' title='bbox 712 2999 1030 3044; x_wconf 89' lang='lat' dir='ltr'>communione</span> <span class='ocrx_word' id='word_1_293' title='bbox 1050 3000 1136 3042; x_wconf 93' lang='lat' dir='ltr'>sub</span> <span class='ocrx_word' id='word_1_294' title='bbox 1160 3006 1352 3055; x_wconf 91' lang='lat' dir='ltr'>utraque</span> <span class='ocrx_word' id='word_1_295' title='bbox 1373 2999 1526 3056; x_wconf 88' lang='lat' dir='ltr'>specie</span> <span class='ocrx_word' id='word_1_296' title='bbox 1546 2999 1734 3043; x_wconf 90' lang='lat' dir='ltr'>mirifice</span> <span class='ocrx_word' id='word_1_297' title='bbox 1755 2999 1804 3043; x_wconf 92' lang='lat' dir='ltr'>in</span> 
     </span>
     <span class='ocr_line' id='line_1_38' title="bbox 170 3072 1805 3133; baseline 0.002 -17"><span class='ocrx_word' id='word_1_298' title='bbox 170 3072 296 3116; x_wconf 91' lang='lat' dir='ltr'>curia</span> <span class='ocrx_word' id='word_1_299' title='bbox 317 3072 565 3130; x_wconf 90' lang='lat' dir='ltr'>Hispaniae</span> <span class='ocrx_word' id='word_1_300' title='bbox 586 3073 826 3130; x_wconf 87' lang='lat' dir='ltr'>placuisse,</span> <span class='ocrx_word' id='word_1_301' title='bbox 851 3075 1065 3120; x_wconf 91' lang='lat' dir='ltr'>comitem</span> <span class='ocrx_word' id='word_1_302' title='bbox 1086 3077 1144 3121; x_wconf 91' lang='lat' dir='ltr'>de</span> <span class='ocrx_word' id='word_1_303' title='bbox 1166 3077 1313 3130; x_wconf 90' lang='lat' dir='ltr'>Luna,</span> <span class='ocrx_word' id='word_1_304' title='bbox 1338 3076 1461 3133; x_wconf 87' lang='lat' dir='ltr'>regis</span> <span class='ocrx_word' id='word_1_305' title='bbox 1490 3075 1738 3133; x_wconf 88' lang='lat' dir='ltr'>Hispaniae</span> <span class='ocrx_word' id='word_1_306' title='bbox 1755 3076 1805 3118; x_wconf 88' lang='lat' dir='ltr'>in</span> 
     </span>
    </p>
   </div>
  </div>
 </body>
</html>
