2196 3522
268 241 343 287 436
840 238 978 272 Eprsr.
1006 235 1050 270 P.
1078 234 1229 270 NADAL
1246 255 1261 259 ‚
1278 232 1348 280 329

268 345 352 387 che
375 341 509 386 etiam
539 339 682 396 prima
711 345 916 381 stauamo
953 337 1043 380 ben
1081 334 1266 379 animati
1287 350 1368 392 per
1389 336 1432 379 13
1454 335 1642 378 uolonta
1671 335 1757 378 che
1785 331 1827 375 ci
1848 331 1907 375 da

268 419 393 462 Iddio
418 419 475 461 N.
497 418 593 461 S.re
617 416 675 458 de'
696 414 885 458 seruirlo
907 413 953 456 in
975 413 1099 456 aiuto
1121 413 1176 456 de
1198 411 1451 469 ipmssirni,
1471 410 1519 455 in
1537 417 1698 467 questa
1715 408 1904 466 prouin-

266 495 327 539 tia
348 493 685 551 specialmente‚
711 499 757 535 et
778 492 835 534 de
857 490 973 547 patir
1004 504 1084 546 per
1115 504 1199 533 suo
1227 503 1376 542 nome,
1403 503 1499 532 non
1526 488 1776 532 solamente
1799 485 1903 529 altri

267 570 477 627 trauagli,
503 584 575 612 ma
598 569 733 614 etiam
755 569 798 612 13
820 575 980 620 1110116,
1006 582 1055 611 56
1077 566 1122 609 (11
1145 567 1293 621 quella
1315 565 1356 609 01
1379 566 1474 609 fara
1490 564 1645 622 degni.
1666 565 1766 607 Con
1784 569 1906 606 tutto

272 655 433 704 questo
455 649 493 690 c'
519 647 544 690 e
576 645 833 703 gratissimo
870 647 954 689 che
991 646 1048 689 V.
1091 645 1139 689 S.
1172 644 1333 696 Illma.,
1359 657 1487 686 come
1516 642 1622 697 quel
1650 647 1838 698 patrone
1861 646 1906 683 et

269 724 472 781 principe
495 726 579 767 che
601 722 665 766 lui
685 724 727 776 6,
753 737 842 766 0011
865 730 989 766 131113
1012 720 1251 766 clementia
1272 727 1317 764 et
1338 719 1576 776 benignita
1597 713 1779 776 ci‘vogli
1802 715 1906 760 ina-

269 803 452 845 nimare
487 803 515 844 ¹.
558 800 638 844 Lei
666 815 779 857 pure
806 799 991 843 intenda
1021 800 1106 843 che
1134 799 1226 854 puo
1255 796 1420 841 leuarsi
1446 796 1478 839 il
1505 795 1643 839 dubio
1670 796 1728 839 de
1754 794 1907 839 0116111

268 878 378 922 nuoi
408 878 473 922 sia
495 877 816 935 pusilanimita,
842 891 868 919 o
897 878 981 919 che
1014 875 1255 919 habbiamo
1283 872 1532 919 debilitarci
1560 873 1635 917 nel
1658 872 1725 915 far
1751 877 1905 914 nostro

268 956 426 1001 debito
449 971 529 1012 per
549 956 592 997 le
613 954 833 998 difficulta
857 954 910 996 de
933 954 1059 1010 quali
1080 951 1322 995 habbiamo
1337 952 1520 1008 parlato
1541 950 1556 971 ²
1595 950 1637 993 al
1665 947 1901 1005 principio.

270 1034 446 1077 Perche
468 1048 559 1076 non
581 1032 680 1076 solo
701 1031 749 1074 in
772 1033 917 1088 quest'
944 1045 1080 1086 opera
1103 1029 1416 1086 prettendemo
1438 1027 1583 1072 seruir
1600 1029 1658 1071 V.
1685 1027 1734 1071 S.
1762 1025 1903 1069 lllma.

270 1111 409 1154 molto
432 1111 584 1166 degna
605 1110 662 1153 (16
684 1108 793 1165 ogni
814 1107 1019 1160 seruitio,
1051 1122 1124 1150 ma
1151 1106 1287 1150 etiam
1320 1100 1445 1149 Iddio
1482 1106 1541 1149 N.
1568 1105 1638 1159 S.‚
1673 1111 1719 1148 et
1751 1104 1794 1147 al
1814 1103 1907 1147 fine

269 1188 388 1231 della
411 1194 566 1230 nostra
589 1185 826 1230 uocatione
848 1192 893 1230 et
922 1184 1082 1241 gratia.
1111 1185 1168 1227 Et
1199 1185 1225 1227 6
1251 1184 1294 1227 13
1323 1197 1491 1227 usanza
1512 1188 1668 1225 nostra
1695 1191 1741 1226 et
1769 1180 1906 1223 modo

271 1265 317 1308 di
341 1265 588 1322 procedere
610 1264 667 1307 de
690 1264 755 1306 far
779 1270 904 1306 tanto
926 1262 1004 1319 pisi
1027 1261 1245 1305 difficulta
1266 1261 1308 1304 al
1331 1259 1551 1317 principio
1573 1260 1715 1303 d’una
1742 1258 1907 1301 funda-

274 1343 410 1395 tione,
438 1348 609 1397 quanto
631 1340 773 1384 siamo
801 1338 1128 1392 resolutissimi,
1160 1338 1294 1395 dopoi
1324 1339 1408 1381 che
1430 1339 1675 1381 haueremo
1703 1350 1836 1393 preso
1864 1335 1919 1385 10,

273 1426 460 1463 assunto
481 1418 528 1461 in
550 1433 703 1473 mano,
728 1417 774 1460 di
796 1432 885 1460 non
909 1431 1091 1461 mancar
1112 1417 1185 1461 del
1214 1423 1370 1459 nostro
1397 1414 1566 1459 debito.
1592 1413 1641 1459 Si
1663 1415 1749 1458 che
1770 1414 1827 1457 V.
1856 1413 1904 1457 S.

273 1497 415 1539 Illma.
442 1496 479 1539 si
500 1496 723 1552 persuada
744 1497 828 1538 che
850 1495 922 1538 del
943 1501 1079 1537 canto
1103 1501 1257 1537 nostro
1279 1492 1320 1536 ci
1347 1493 1622 1536 sforzaremo
1650 1504 1829 1547 sempre
1851 1490 1910 1534 de

275 1574 341 1618 far
364 1574 468 1629 quel
490 1575 575 1617 che
597 1571 818 1617 conuiene
840 1586 919 1628 per
942 1571 972 1613 il
995 1572 1083 1615 ben
1105 1571 1353 1627 dell’opera
1374 1576 1419 1613 et
1442 1567 1743 1613 satisfattione
1764 1566 1811 1610 di
1831 1566 1905 1610 lei.

275 1652 332 1694 Et
353 1650 501 1694 insino
523 1650 609 1694 alla
631 1655 808 1693 tornata
829 1663 911 1692 sua
933 1649 1081 1705 (quale
1105 1661 1323 1705 pregamo
1346 1646 1472 1690 Iddio
1494 1647 1552 1690 N.
1585 1646 1633 1690 S.
1661 1645 1727 1688 sia
1756 1650 1910 1701 presto

275 1735 321 1773 et
342 1742 429 1771 con
450 1727 587 1770 molta
609 1726 871 1782 prosperita)
895 1727 949 1769 V.
974 1726 1021 1770 S.
1050 1726 1206 1778 Illma.,
1231 1738 1359 1767 come
1379 1726 1439 1767 ha
1460 1722 1745 1775 cominciato,
1766 1735 1812 1765 se
1833 1721 1910 1764 de-

271 1809 426 1862 gnere't
442 1804 699 1846 continuar’
720 1803 735 1824 ³
753 1803 827 1847 nel
845 1803 1067 1859 proueder
1083 1803 1322 1856 (161160056
1339 1799 1607 1854 necessarie;
1628 1807 1674 1844 et
1689 1798 1765 1842 noi
1781 1798 1911 1842 l’aiu-

278 1888 448 1925 taremo
480 1885 567 1935 per
589 1880 746 1923 adesso
783 1880 798 1899 ⁴
828 1880 900 1923 del
937 1886 1093 1923 nostro
1115 1886 1249 1922 canto
1285 1878 1479 1922 leuando
1507 1878 1550 1922 le
1581 1876 1772 1933 magiori
1793 1875 1913 1919 diffi-

278 1958 401 2001 00113
422 1958 479 2001 (16
501 1971 605 2001 0353
632 1963 677 2000 61
706 1956 872 2009 chiesa,
904 1964 950 2000 et
987 1958 1133 2001 anche
1169 1956 1241 1999 del
1278 1969 1468 1998 numero
1505 1956 1589 1998 che
1621 1954 1739 1997 deue
1762 1966 1913 1997 essere

272 2035 396 2079 »delle
418 2048 625 2090 persone,
651 2034 816 2090 perche
839 2034 990 2088 quello
1011 2035 1096 2076 che
1123 2034 1347 2076 auanzara
1375 2032 1492 2076 della
1520 2031 1702 2083 intrata,
1735 2036 1854 2073 tutto
1875 2028 1913 2072 si

281 2112 457 2154 uoltara
481 2110 526 2153 in
565 2110 743 2153 comodo
767 2111 781 2131 ⁵
804 2110 921 2154 della
950 2124 1102 2166 opera,
1133 2109 1441 2166 spendendolo
1469 2109 1584 2151 bona
1602 2107 1700 2164 fide
1727 2106 1774 2149 in
1804 2105 1914 2150 utile

279 2188 351 2232 del
373 2187 584 2244 collegio,
609 2186 640 2229 il
662 2186 794 2243 quale
822 2201 912 2229 non
941 2188 966 2230 e
994 2194 1165 2239 nostro,
1198 2201 1271 2229 ma
1299 2185 1344 2229 di
1366 2186 1424 2229 V.
1457 2186 1504 2229 S.
1540 2185 1702 2237 Illma.,
1733 2190 1779 2227 et
1808 2182 1913 2226 tutti

280 2264 387 2308 nuoi
407 2263 567 2321 figlioli
590 2271 634 2308 et
656 2262 778 2307 serui
800 2263 899 2306 suoi
924 2263 1129 2320 perpetui
1152 2264 1225 2306 nel
1243 2263 1290 2307 S.
1319 2264 1376 2306 N.

368 2342 410 2384 8.
476 2341 625 2385 Credo
652 2340 776 2396 sapia
799 2342 854 2384 V.
888 2341 936 2385 S.
975 2343 1102 2384 Rma.
1136 2354 1265 2384 come
1292 2339 1368 2396 gia
1399 2341 1594 2382 hauemo
1623 2352 1756 2394 preso
1795 2343 1915 2380 tutto

278 2419 501 2461 l’assunto
517 2418 633 2462 delle
655 2416 846 2471 lettioni,
867 2419 1033 2473 perche
1056 2419 1250 2461 hauemo
1271 2416 1302 2459 li
1331 2415 1486 2459 mastri
1507 2416 1563 2458 de
1581 2422 1698 2458 tutte
1719 2415 1761 2458 16
1783 2413 1915 2457 classi

280 2495 328 2538 in
350 2495 483 2538 fuora
503 2495 608 2539 dell’
635 2493 806 2547 ultima,
833 2494 874 2537 31
897 2501 1064 2538 11135110
1086 2495 1204 2538 (16113
1226 2494 1373 2551 quale,
1395 2493 1613 2545 seculare,
1634 2505 1863 2548 promesse
1885 2490 1914 2532 il

282 2574 336 2615 P.
363 2571 546 2616 Canisio
569 2573 653 2615 che
675 2570 712 2614 si
729 2571 1007 2614 lasciarebbe
1028 2578 1121 2616 star
1143 2571 1290 2614 insino
1313 2571 1354 2614 31
1375 2571 1553 2615 Ν31316.
1578 2569 1727 2625 Dopoi
1749 2582 1914 2626 proue—

355 2752 367 2769 ·¹
419 2750 478 2784 Ita
496 2750 702 2785 Polancus.
722 2748 833 2784 Prius
853 2748 1061 2796 scripserat
1086 2750 1265 2786 librarius
1283 2750 1429 2786 animi.

356 2811 370 2830 ²
422 2809 480 2844 Ita
499 2808 705 2844 Polancus.
725 2808 868 2853 Antea,
887 2809 952 2844 che
969 2809 1178 2845 habbiamo
1193 2809 1320 2856 fatto.

358 2869 372 2889 ⁵
423 2868 534 2903 Prius
553 2868 740 2914 scriptum
758 2867 885 2902 fuerat
908 2869 1107 2911 continue,
1127 2869 1230 2916 quod
1257 2869 1481 2904 emendavit
1503 2869 1694 2904 Polancus
1718 2872 1762 2903 ut
1785 2879 1912 2915 supra.

356 2928 371 2948 ·'⁴
416 2930 491 2973 per
509 2928 661 2972 adesso,
680 2925 855 2962 additum
875 2939 895 2962 a
914 2927 1096 2963 Polanco.

359 2987 373 3007 ⁵
423 2986 666 3022 Vocabulum
688 2986 847 3021 comodo
871 2986 1026 3021 suffecit
1055 2987 1246 3022 Polancus
1271 2998 1340 3033 pro
1361 2987 1471 3028 utile,
1497 2986 1600 3033 quod
1618 2986 1724 3033 prius
1749 2985 1920 3032 positum

287 3044 431 3080 fuerat.
1799 3045 1803 3048 .
