2196 3522
296 282 363 318 104
859 272 985 308 EPIST
994 297 1003 306 .
1026 271 1071 307 P.
1091 271 1361 307 NADAL-210

288 374 385 417 solo
408 388 488 429 per
509 372 659 416 auisar
681 372 739 415 V.
766 373 841 423 R.,
866 385 997 416 come
1018 386 1099 428 per
1120 371 1403 429 negligentia
1424 371 1530 427 mia,
1554 379 1601 417 et
1627 386 1708 430 per
1727 373 1771 416 13
1794 373 1932 417 fretta
1971 388 1974 390 ·

290 451 366 493 del
393 449 558 505 partire
590 451 619 502 ¹,
651 448 694 491 io
720 462 813 491 non
841 449 1033 501 aduerti,
1065 449 1248 504 quando
1276 448 1308 491 il
1337 450 1485 493 Padre
1513 450 1738 494 comando
1766 450 1874 494 dare
1902 464 1930 493 a

293 529 350 570 V.
372 528 420 570 R.
441 525 580 582 quelli
599 525 801 583 pachetti
817 525 989 581 coperti
1005 524 1050 568 di
1067 532 1192 570 carta
1207 539 1417 582 peccora,
1441 527 1564 572 doue
1585 541 1698 570 sono
1712 527 1754 571 16
1771 526 1928 584 regole

289 610 336 647 et
359 603 505 647 ordini
541 605 625 646 che
663 604 758 648 Sua
791 602 1096 647 Rev.a1asci‹·2
1124 618 1151 647 a
1186 604 1244 647 V.
1271 604 1346 656 R.,
1381 604 1456 646 ch'
1494 604 1656 648 dentro
1683 604 1727 646 d'
1759 618 1853 647 uno
1881 602 1928 646 di

290 679 430 737 quelli
450 679 494 724 io
514 681 695 723 haueua
715 694 864 724 messo
893 679 1021 724 (11666
1047 686 1230 725 monete
1253 680 1297 722 d'
1329 694 1425 734 oro,
1455 681 1541 724 che
1563 680 1700 723 fanno
1729 679 1848 725 circa
1872 692 1926 735 33

291 757 440 801 fiorini
458 756 733 811 brauantini,
759 764 805 802 et
827 757 1040 802 accioche
1063 771 1142 814 per
1159 772 1251 801 non
1273 759 1413 803 esser'
1433 759 1491 802 V.
1513 760 1567 802 R.
1589 757 1812 802 advertita
1834 771 1928 801 non

291 834 508 879 caschino
526 842 572 878 et
582 834 620 878 si
637 836 852 891 perdano,
873 837 933 879 ha
949 834 1157 879 ordinato
1174 834 1205 878 il
1223 836 1370 880 Padre
1387 836 1473 880 che
1490 834 1568 878 sili
1581 834 1731 878 3611113
1748 841 1926 890 questa,

292 912 507 956 accioche
524 914 582 956 V.
604 914 658 956 R.
679 911 754 956 dia
770 913 895 957 dette
912 919 1094 956 monete
1111 913 1153 955 al
1172 914 1253 956 P.e
1280 913 1531 957 Leonardo.
1554 914 1611 955 Et
1629 926 1721 955 non
1738 911 1931 956 essendo

294 997 454 1045 questa
474 1004 555 1046 per
577 990 707 1042 altro,
734 990 830 1033 faro
851 990 957 1034 fine.
984 989 1019 1032 Il
1041 989 1238 1046 Signore
1259 989 1385 1033 Iddio
1413 988 1455 1033 61
1481 989 1556 1033 (113
1578 1003 1756 1045 36111916
1782 989 1826 1032 13
1847 1002 1933 1032 3113

293 1073 425 1110 331113
447 1066 609 1124 gratia,
629 1081 710 1123 per
731 1081 951 1111 eonoscer
974 1081 1149 1123 sempre
1172 1081 1254 1110 sua
1281 1066 1437 1110 diuina
1471 1067 1658 1110 volonta
1687 1073 1733 1110 et
1760 1065 1931 1122 perfet-

298 1151 498 1189 tamente
514 1143 763 1201 adimpirla.
786 1145 946 1188 Amen.
966 1146 1038 1188 Da
1055 1143 1358 1201 Achisgrana,
1379 1159 1406 1187 a
1421 1145 1467 1187 di
1490 1145 1518 1188 6
1534 1145 1581 1187 di
1598 1145 1778 1201 Agosto
1801 1142 1930 1197 1562,

298 1236 360 1264 vn
375 1223 490 1265 hora
505 1222 624 1278 dopo
641 1235 795 1264 mezzo
813 1221 989 1278 giorno.
1011 1223 1065 1265 D.
1086 1222 1138 1265 V.
1160 1223 1214 1265 R.
1235 1221 1434 1278 indegno
1452 1221 1657 1279 figliuolo
1671 1220 1717 1264 in
1734 1219 1933 1264 Christo.

304 1301 393 1342 Per
414 1298 682 1342 comissione
704 1299 777 1343 del
801 1299 882 1341 P.e
908 1299 1086 1351 Natale,

1388 1375 1418 1434 ἦ·
1450 1377 1692 1420 XIMENES.

1062 1530 1177 1570 21⁰

790 1582 1222 1660 JOANNEUS⁸DE
1259 1613 1447 1651 HOYA

853 1690 1059 1737 episcopus
1082 1691 1387 1737 osnabrugensis

601 1769 843 1811 ‚PATRI
889 1769 1317 1813 HIERONYMO
1366 1769 1608 1812 NADAL

737 1852 1047 1889 FURSTENown,
1075 1853 1119 1890 27
1146 1853 1331 1882 AUGthn
1357 1845 1446 1889 1562
1471 1847 1505 1880 ².

302 1923 443 1957 Patris
461 1922 648 1968 Dionysii
660 1922 851 1969 petitioni
868 1933 1018 1958 morem
1033 1933 1179 1970 gerens
1196 1923 1415 1969 episcopm,
1432 1934 1550 1958 suam
1574 1934 1675 1970 erga
1701 1923 1937 1965 Societatem

859 1981 1172 2017 benevolentiam
1196 1984 1380 2017 testatur.

388 2077 588 2134 Joannes
610 2076 667 2120 (16
689 2077 839 2132 Hoya,
864 2075 950 2119 Dei
973 2076 1120 2132 gratia
1142 2076 1383 2134 episcopus
1404 2084 1450 2121 et
1477 2076 1686 2134 princeps
1716 2077 1941 2121 osnabru-

300 2200 442 2247 Supra,
461 2199 501 2235 in
519 2211 585 2235 ora
602 2199 791 2242 interiori,
806 2200 928 2247 ipsius
942 2201 1120 2247 Jimenez
1137 2199 1183 2246 (?)
1201 2212 1330 2236 manu:
1354 2202 1507 2247 Questa
1525 2203 1667 2238 lettera
1684 2202 1703 2237 ἑ
1717 2204 1793 2249 per
1810 2202 1843 2237 il
1861 2201 1942 2236 Pa-

303 2261 374 2295 dre
394 2260 622 2302 Euerardo,
642 2272 710 2294 ma
734 2260 753 2294 ἑ
771 2261 1034 2307 soprascritta
1057 2261 1100 2295 al
1123 2261 1260 2296 Padre
1283 2264 1462 2308 regente.
1492 2261 1618 2308 Supra
1644 2262 1752 2306 item,
1778 2261 1819 2296 in
1842 2272 1942 2296 mar-

301 2318 395 2365 gine
413 2318 610 2363 exteriori,
630 2318 705 2354 3113
724 2330 852 2354 manu:
872 2319 985 2363 1562.
1015 2319 1038 2355 6
1062 2321 1258 2368 Augusti.
1288 2320 1494 2356 Ximenez.
1514 2321 1563 2356 P.
1592 2320 1814 2356 Everardus
1841 2321 1942 2356 Mer-

277 2372 283 2376 ’
298 2378 483 2414 curianus
501 2378 751 2425 provincialis
769 2390 929 2414 munere
944 2379 1195 2425 fungebatur,
1215 2384 1255 2414 et
1269 2378 1309 2414 in
1326 2380 1494 2426 collegio
1512 2379 1729 2416 coloniensi
1753 2379 1939 2426 degebat,

304 2437 372 2473 ubi
390 2438 437 2473 P.
460 2437 684 2473 Leonardus
703 2439 843 2474 Kessel
865 2444 948 2474 erat
967 2438 1309 2485 superintendens,
1334 2439 1378 2474 P.
1405 2440 1577 2486 Joannes
1597 2439 1777 2483 Rethius,
1796 2450 1941 2485 regens

298 2497 585 2544 convictorum,
604 2498 648 2532 P.
669 2497 893 2533 Leonardus
909 2498 1107 2543 Villarius,
1127 2497 1318 2543 minister,
1334 2499 1378 2534 P.
1394 2499 1589 2535 Henricus
1604 2498 1835 2545 Dionysius,
1850 2509 1942 2534 con-

304 2556 480 2592 cionator
497 2556 537 2592 in
550 2568 702 2592 summo
716 2558 862 2603 templo
876 2562 916 2592 et
930 2557 1115 2604 syndicus
1129 2558 1360 2603 communis,
1371 2564 1412 2594 et
1425 2559 1472 2594 P.
1490 2557 1721 2594 Franciscus
1736 2558 1941 2604 Costerus,

302 2614 501 2662 professor
514 2615 735 2661 theologiae
754 2621 794 2651 et
811 2616 998 2662 magister
1015 2616 1338 2653 novitiorum.Cf.
1354 2617 1548 2664 HANSEN‚
1564 2617 1797 2652 Rheinische
1811 2617 1942 2652 Akten

303 2687 380 2710 zur
401 2674 626 2711 Geschichte
642 2676 709 2711 des
718 2675 1061 2722 Jesuitenordens,
1077 2677 1302 2722 1542-1582,
1328 2687 1418 2723 pag.
1439 2676 1612 2723 778—78o‚
1631 2676 1699 2712 ubi
1721 2676 1944 2722 catalogum

305 2733 501 2770 sociorum
535 2734 737 2779 Coloniae,
779 2746 880 2769 anno
915 2735 1005 2779 1562
1035 2735 1378 2783 commorantium,
1406 2735 1698 2783 officiorumque
1713 2762 1722 2780 ,
1754 2746 1803 2771 ex
1828 2734 1943 2771 codd.

306 2793 425 2829 variis
448 2793 720 2841 depromptum
744 2794 917 2829 exhibet.
943 2794 1047 2830 Socii
1066 2793 1311 2831 colonienses
1328 2796 1403 2831 hoc
1425 2806 1527 2831 anno
1545 2803 1590 2839 52
1617 2795 1939 2830 numerabantur.

378 2855 389 2875 ¹
441 2853 604 2890 Colonia
621 2852 684 2889 die
699 2861 719 2898 5
752 2853 923 2899 Augusti
953 2854 1135 2890 discessit
1166 2855 1210 2890 P.
1242 2854 1365 2890 Nadal
1396 2866 1486 2890 cum
1516 2865 1587 2890 suo
1618 2854 1724 2889 socio
1750 2853 1944 2900 Jimenez,

306 2917 512 2959 postquam
530 2917 610 2948 tres
629 2912 801 2958 integras
817 2913 1081 2948 hebdomadas
1101 2913 1140 2949 in
1163 2913 1378 2950 coloniensi
1401 2914 1569 2960 collegio
1593 2912 1800 2948 invisendo
1825 2911 1865 2948 et
1888 2923 1948 2947 or-

303 2970 476 3007 dinando
490 2968 762 3018 impendisset.
785 2970 885 3007 Vide
904 2971 1019 3019 epist.
1036 2982 1104 3018 205
1122 2984 1211 3008 611111
1229 2977 1378 3018 3111101.“,
1399 2978 1439 3009 61
1456 2972 1726 3020 appendicem,
1751 2983 1795 3007 n.
1818 2971 1891 3006 IX.

379 3033 394 3052 ²
444 3032 503 3066 Ex
521 3032 749 3078 archetypo,
769 3030 809 3066 in
836 3030 934 3066 Cod.
965 3041 1029 3077 29,
1056 3033 1110 3078 b),
1140 3031 1335 3068 German.
1362 3033 1510 3080 Epist„
1529 3032 1646 3068 unico
1664 3031 1732 3067 fol.
1755 3029 1802 3066 30
1831 3029 1949 3075 (389).

308 3088 402 3124 Sola
420 3089 657 3136 subscriptio
675 3094 736 3125 est
754 3089 928 3136 episcopi
947 3102 1062 3126 manu
1081 3096 1257 3126 exarata.
