2196 3522
931 246 1155 283 APPEme
1790 249 1867 295 667

1020 418 1058 463 L

672 518 1108 556 STANISLAUS
1146 518 1401 557 HOSIUS

808 606 1015 644 cardinalis
1034 607 1266 643 varmiensis

549 712 750 743 PATRI
803 711 1050 752 JOANNI
1103 711 1182 742 DE
1213 711 1524 743 POLANCO

650 786 967 844 Hensbergae,
980 763 983 765 ’
1008 796 1062 841 25
1102 786 1210 842 Maji
1253 788 1414 843 1565

215 873 396 912 Comitia
420 877 539 924 regni
561 876 759 911 absoluta.-
783 876 912 910 redux
938 875 983 910 in
999 886 1118 910 suam
1134 875 1354 919 ecclesiam,
1374 876 1510 922 quieta
1527 878 1666 912 omnia
1684 879 1856 925 reperit.-

756 921 1099 958 Commendonum
1117 925 1312 968 expectat.

306 1002 419 1046 Rde.
453 1003 588 1045 Pater
616 1007 662 1044 et
690 999 887 1043 Domine
916 998 962 1041 in
992 998 1175 1042 Christo
1203 999 1465 1044 charissime
1495 1007 1542 1044 et
1569 1002 1847 1047 honorande.

214 1060 441 1116 Quamuis
462 1060 610 1103 nullas
631 1074 657 1103 a
680 1061 733 1103 P.
759 1059 816 1102 V.
842 1057 1015 1115 pridem
1037 1058 1192 1114 accepi
1212 1058 1387 1111 literas,
1414 1067 1570 1104 tenere
1597 1074 1670 1104 me
1702 1068 1851 1106 tamen

216 1134 310 1162 non
340 1118 488 1175 potui,
520 1118 630 1174 quin
656 1118 714 1163 de
741 1124 863 1161 statu
890 1131 1040 1162 rerum
1070 1117 1144 1160 hic
1173 1125 1432 1161 nostrarum
1460 1119 1582 1162 illam
1611 1120 1849 1165 certiorem

216 1179 466 1222 redderem.
491 1178 695 1223 Tandem
723 1184 906 1234 peracta
935 1183 1043 1220 sunt
1071 1176 1202 1233 regni
1229 1177 1434 1231 comitia;
1461 1179 1542 1222 sed
1569 1193 1726 1223 eorum
1758 1194 1849 1238 ego

215 1239 351 1282 finem
379 1238 710 1294 expectandum
739 1251 839 1281 esse
868 1235 978 1278 mihi
1006 1250 1098 1279 non
1127 1236 1307 1292 putaui,
1342 1250 1499 1280 verum
1527 1239 1584 1280 ad
1612 1239 1849 1284 ecclesiam

151 1327 154 1330 Δ
212 1312 360 1340 meam
383 1296 596 1341 contendi
617 1295 796 1353 magnis
818 1294 1071 1347 itineribus,
1098 1302 1147 1338 vt
1176 1309 1231 1338 eo
1259 1295 1416 1340 venire
1443 1311 1624 1363 possem
1647 1298 1704 1341 ad
1726 1299 1848 1342 chri-

213 1371 310 1400 sma
330 1355 677 1408 conficiendum,
701 1362 748 1399 et
768 1354 873 1399 veni
890 1354 1033 1411 pridie
1049 1353 1148 1398 eius
1165 1354 1268 1399 diei.
1288 1357 1388 1399 Deo
1404 1355 1574 1412 gratias
1590 1371 1695 1414 ago,
1715 1358 1848 1402 cuius

211 1417 299 1458 hoc
321 1422 390 1460 est
411 1415 698 1460 beneficium.
725 1413 893 1470 Quieta
914 1413 1023 1458 satis
1045 1413 1195 1456 omnia
1217 1414 1378 1470 reperi.
1405 1415 1499 1471 Qui
1521 1416 1722 1460 reuocati
1746 1418 1847 1461 fue-

212 1482 313 1518 rant
341 1474 388 1518 in
415 1474 550 1528 viam,
582 1489 673 1518 non
701 1475 846 1517 solum
874 1487 969 1516 non
997 1480 1104 1516 sunt
1131 1474 1189 1516 ad
1218 1473 1438 1517 vomitum
1469 1475 1657 1528 reuersi,
1686 1490 1845 1520 verum

210 1534 347 1578 etiam
371 1533 480 1577 alios
502 1534 762 1578 aberrantes
783 1533 840 1576 ad
862 1533 1052 1576 eandem
1076 1532 1193 1575 viam
1216 1533 1434 1578 reducere
1457 1542 1692 1578 conantur.
1713 1537 1844 1580 Vnus

138 1608 143 1614 ·
212 1601 364 1637 autem
387 1593 501 1636 ciuis
521 1607 576 1636 ex
593 1591 978 1649 locupletioribuS,
999 1605 1102 1634 cum
1122 1592 1281 1635 fuisset
1298 1607 1324 1635 a
1340 1607 1413 1636 me
1429 1593 1708 1650 proscriptus
1725 1609 1845 1639 anno

211 1652 416 1709 proxime
447 1651 692 1709 superiore,
723 1652 913 1695 fratrum
940 1657 1119 1695 vestrae
1148 1651 1388 1696 Societatis
1416 1666 1572 1708 opera,
1602 1654 1845 1710 praecipue

209 1727 318 1756 vero
340 1711 547 1768 Magistri
571 1711 694 1755 Petri
714 1711 748 1764 ³,
773 1710 851 1767 qui
872 1710 1225 1767 praedicatorem
1247 1710 1360 1767 agit,
1385 1718 1435 1753 vt
1455 1711 1499 1755 ei
1520 1712 1666 1756 redire
1688 1712 1845 1758 liceret

209 1773 255 1815 in
278 1771 525 1823 ciuitatem,
550 1769 823 1827 impetrauit;
848 1770 929 1814 sed
951 1769 1090 1812 nihilo
1112 1769 1273 1813 melior
1294 1771 1442 1813 factus
1463 1778 1547 1815 est.
1582 1772 1618 1814 F
1620 1771 1844 1816 ideiusso-

208 1847 303 1875 rem
325 1831 501 1887 appello
524 1832 580 1874 M.
607 1831 810 1882 Petrum,
835 1828 965 1872 cuius
992 1828 1231 1884 praecibus
1259 1829 1500 1884 adductus,
1531 1830 1594 1873 illi
1622 1832 1843 1875 redeundi

210 1891 470 1936 facultatem
491 1888 707 1932 concessi.
734 1889 885 1946 Negat
906 1887 945 1931 is
966 1889 1114 1931 adhuc
1135 1903 1185 1932 se
1207 1888 1462 1945 desperare;
1495 1890 1574 1933 sed
1603 1903 1692 1947 ego
1714 1905 1840 1947 spem

207 1951 355 1995 habeo
376 1948 686 2006 perexiguam.

296 2009 425 2052 Illmi.
457 2007 642 2051 Domini
670 2005 1041 2051 Commendoni⁵
1070 2007 1317 2051 aduentum
1346 2007 1404 2050 ad
1434 2022 1509 2052 me
1539 2015 1748 2065 expecto,
1785 2011 1841 2054 de

205 2069 337 2112 cuius
359 2066 547 2111 consilio
569 2072 764 2110 statuam
787 2066 908 2121 quod
929 2064 1003 2109 ille
1025 2065 1171 2122 magis
1192 2065 1404 2121 expedire
1426 2066 1711 2111 indicauerit.

295 2128 460 2173 Schola
480 2125 590 2170 satis
612 2126 822 2180 frequens
842 2138 966 2168 nunc
987 2131 1072 2178 est,
1105 2132 1150 2169 et
1177 2125 1257 2168 fiet
1284 2123 1328 2167 in
1358 2124 1455 2169 dies
1483 2125 1625 2170 maior
1653 2127 1710 2170 ad
1740 2141 1838 2171 eam

203 2201 470 2231 concursus.
496 2187 621 2229 Bene
641 2185 803 2237 valeat,
829 2197 882 2227 ac
902 2185 1050 2228 Deum
1073 2198 1154 2240 pro
1181 2183 1316 2227 nobis
1343 2184 1587 2241 diligenter
1606 2194 1834 2242 precetur,

205 2261 309 2289 nam
331 2252 454 2290 certe
476 2259 564 2287 non
588 2258 643 2287 eo
663 2243 763 2286 loco
783 2250 892 2287 sunt
912 2257 1000 2295 res,
1026 2257 1117 2299 quo
1144 2244 1380 2287 vellemus.
1406 2245 1576 2288 Datum
1604 2259 1662 2288 ex
1685 2253 1835 2290 castro

203 2312 360 2348 nostro
383 2303 644 2360 Heilsberg,
667 2302 742 2347 die
763 2316 859 2346 xxv
882 2301 1005 2358 Maij,
1031 2316 1150 2346 anno
1171 2301 1355 2346 Domini
1378 2317 1428 2347 M.
1455 2318 1501 2348 D.
1528 2318 1637 2348 va.
1674 2306 1836 2350 Frater

201 2364 251 2408 in
274 2363 472 2416 Christo,

801 2420 1262 2465 STAN.CARD1NALIS
1287 2434 1593 2465 VARMIENSIS.

290 2482 533 2538 Inscriptio
556 2481 605 2524 ln
626 2482 792 2546 quarta
806 2479 1004 2535 pagina:
1031 2479 1145 2523 Rdo.
1172 2479 1392 2532 Domino,
1419 2480 1584 2538 Joanni
1615 2481 1831 2534 Polanco‚

201 2541 329 2586 fratri
352 2539 592 2586 Societatis
620 2541 750 2598 Jesu,
779 2537 828 2581 in
855 2537 1038 2582 Christo
1066 2537 1197 2582 nobis
1224 2538 1507 2582 charissimo.
1539 2540 1648 2582 Alia
1674 2555 1834 2583 manu.-

208 2602 338 2656 1565.
371 2599 634 2656 Helisperg.
666 2597 806 2643 Card-
837 2597 1108 2642 varmiense.
1141 2607 1196 2652 25
1220 2597 1347 2654 Maij.
1378 2598 1536 2655 sigilli
1555 2600 1822 2657 vestigium

271 2758 281 2779 ’
334 2759 392 2794 Ex
409 2755 523 2791 arche
571 2765 635 2801 po,
653 2753 694 2790 in
713 2752 813 2790 Cod.
839 2751 1065 2800 38‚.duplici
1081 2751 1152 2789 fol.
1164 2779 1175 2797 ,
1197 2760 1264 2798 114
1280 2751 1398 2798 (198).

271 2809 285 2828 2
335 2803 443 2840 Petri
460 2814 515 2839 sc.
568 2802 659 2838 hae.

269 2854 284 2874 ³
333 2853 423 2899 Ms.‚
444 2849 743 2887 Commendini.
