2196 3522
888 223 935 261 23
959 225 1208 261 Dsscmms
1238 222 1330 269 1563
1859 228 1929 267 475

286 330 346 373 de
365 328 399 371 li
419 326 563 372 nostri
586 327 738 381 Padri;
764 334 810 372 et
830 325 1021 371 offeriua
1042 326 1242 370 anchora
1258 324 1304 368 di
1327 325 1457 369 uoler
1474 324 1542 367 far
1558 324 1601 369 16
1616 323 1827 384 giornate
1842 323 1929 367 che

284 406 554 454 acadcssero
574 404 632 448 de
653 411 722 448 tre
743 419 771 448 o
788 411 952 460 quatro
969 402 1119 460 giorni
1133 417 1214 459 per
1230 401 1261 445 li
1278 400 1461 459 bisogni
1477 402 1551 446 del
1567 402 1696 445 detto
1712 399 1925 457 collegio,

288 484 348 528 de
378 482 473 539 pisi,
497 482 554 525 de
577 483 719 536 uoler,
743 481 791 524 in
812 479 1040 538 presentia
1061 479 1130 523 del
1167 481 1220 523 P.
1253 478 1450 524 Uittoria
1477 485 1523 522 et
1550 478 1596 521 di
1624 477 1763 534 quelli
1789 491 1878 522 con
1897 477 1929 520 li

290 559 410 616 quali
434 561 614 603 haueua
635 565 875 616 suaporate
895 558 937 602 16
959 571 1042 601 sue
1063 570 1186 611 cose,
1210 555 1280 599 dir
1301 570 1391 611 que
1413 555 1451 599 si
1473 562 1670 612 penteua
1691 555 1766 598 nel
1786 568 1929 599 cuore

289 644 336 681 et
356 637 521 680 doleua
541 635 588 679 di
609 638 751 680 hauer
772 636 896 680 dette
919 633 996 678 tali
1017 648 1140 686 cose,
1166 633 1299 689 quale
1321 634 1501 677 haueua
1522 633 1649 677 detto
1677 647 1758 688 per
1779 632 1929 676 colera

287 721 334 757 et
356 713 636 766 alteratione,
661 712 979 756 domandando
1000 710 1046 765 di
1068 710 1218 766 quelle
1234 710 1452 766 perdono,
1474 711 1650 765 Queste
1666 724 1773 754 cose
1791 709 1929 753 tratto

288 805 375 834 con
397 805 470 835 me
492 791 652 835 Ochoa
675 793 701 834 a
720 789 752 832 li
775 801 830 833 22
852 788 898 832 di
920 788 1175 833 Decembre
1196 786 1242 830 in
1265 801 1445 831 camera
1459 786 1564 840 mia,
1586 787 1728 831 sendo
1744 786 1820 843 gia
1838 801 1927 830 vna

285 869 397 912 hora
419 868 474 911 de
496 874 638 912 notte.
664 868 699 911 Il
721 866 883 924 giorno
904 871 1129 922 seguente
1151 864 1306 921 parlay
1327 863 1373 906 di
1396 870 1558 919 questo
1575 863 1618 906 al
1643 865 1694 907 Ρ.
1722 857 1926 908 Uictoria

286 944 511 988 dicendoli
533 944 566 987 il
585 943 809 988 desiderio
831 945 916 987 che
937 941 982 986 io
1004 949 1169 986 teneua
1190 943 1276 986 che
1298 947 1460 996 questo
1481 942 1622 984 homo
1638 941 1676 983 si
1699 939 1927 996 quietasse

286 1030 334 1066 et
354 1021 393 1066 si
414 1029 595 1079 potesse
631 1021 890 1066 confessare
927 1034 1006 1076 per
1029 1026 1190 1074 queste
1227 1019 1343 1063 feste
1365 1018 1437 1062 del
1461 1018 1639 1070 Natale,
1671 1025 1717 1061 et
1738 1018 1823 1060 che
1844 1031 1925 1061 ue-

289 1100 421 1144 desse
443 1099 490 1144 S.
516 1100 571 1142 R.
597 1098 750 1154 quello
774 1099 859 1141 che
881 1096 924 1140 io
946 1097 1186 1154 pottrebbe
1209 1096 1483 1151 respondere
1511 1095 1566 1138 ad
1590 1096 1766 1139 Ochoa,
1793 1094 1858 1138 Mi
1880 1095 1929 1137 fu

291 1175 486 1232 risposto
508 1175 582 1219 dal
602 1175 729 1219 detto
752 1175 899 1218 Padre
920 1174 995 1217 ch'
1019 1174 1165 1216 anche
1186 1173 1265 1228 luy
1281 1172 1324 1216 le
1341 1173 1602 1228 perdonaua
1619 1179 1665 1216 et
1681 1171 1711 1214 li
1729 1173 1929 1216 offereua

292 1254 335 1296 la
362 1267 498 1309 opera
526 1267 629 1306 sua3
654 1267 729 1295 ma
757 1253 841 1295 che
870 1251 1035 1295 uoleua
1062 1251 1147 1293 che
1170 1255 1429 1294 recantasse
1455 1256 1501 1293 et
1529 1263 1578 1292 se
1605 1248 1862 1292 desdicesse
1883 1248 1929 1291 di

291 1336 411 1374 tutto
428 1330 579 1386 quello
595 1331 681 1374 che
697 1331 878 1374 haueua
894 1329 1037 1380 detto,
1052 1341 1144 1370 non
1161 1327 1258 1370 solo
1275 1326 1496 1370 diccendo
1512 1328 1598 1370 che
1614 1326 1651 1369 si
1670 1333 1867 1382 penteua
1883 1326 1928 1369 di

290 1407 478 1451 hauerlo
499 1408 640 1459 detto,
666 1421 739 1450 ma
761 1407 846 1450 che
866 1407 1047 1449 haueua
1063 1405 1190 1449 detto
1206 1404 1356 1459 quala
1372 1403 1532 1456 uerita,
1552 1412 1598 1447 et
1619 1405 1704 1447 che
1727 1404 1928 1448 offereua

290 1485 333 1527 13
353 1499 490 1540 opera
510 1498 593 1527 sua
614 1498 706 1527 non
733 1483 779 1526 in
802 1497 907 1526 cosa
935 1482 991 1526 de
1013 1481 1317 1538 importantia,
1343 1495 1423 1538 per
1443 1482 1486 1524 la
1507 1482 1613 1542 qual
1633 1481 1712 1537 luy
1740 1464 1928 1524 nissuha

289 1560 543 1617 aptitudine
563 1560 775 1605 iudicaua
796 1574 947 1605 essere
979 1559 1026 1603 in
1055 1560 1233 1611 Ochoa,
1266 1574 1339 1602 ma
1360 1557 1407 1601 in
1429 1572 1538 1603 cosa
1565 1560 1650 1619 che
1673 1558 1862 1615 ognium
1885 1559 1927 1602 la

291 1645 470 1695 potesse
493 1639 601 1691 sare,
627 1651 756 1683 come
792 1637 964 1694 coglier
991 1636 1169 1693 gabelle
1192 1643 1238 1680 et
1259 1635 1377 1679 simil
1404 1650 1526 1690 cose,
1550 1643 1596 1679 et
1624 1643 1785 1692 questa
1816 1636 1865 1679 fu
1885 1636 1927 1679 la

291 1715 556 1759 risolutione
577 1716 663 1758 che
683 1715 728 1759 io
749 1722 902 1772 potete
929 1716 1098 1758 hauere
1126 1713 1171 1756 in
1201 1720 1362 1768 questo
1388 1712 1580 1770 negocio
1602 1713 1675 1756 del
1698 1720 1832 1756 canto
1854 1713 1927 1755 del

294 1794 346 1836 Ρ.
374 1791 591 1841 Uictoria.
616 1793 722 1836 Non
743 1792 804 1835 mi
826 1807 911 1836 son
940 1793 1138 1835 anchora
1166 1789 1285 1834 uisto
1314 1804 1400 1834 con
1429 1791 1608 1843 Ochoa,
1634 1791 1692 1834 ne
1724 1789 1769 1833 fo
1791 1797 1927 1833 conto

291 1870 350 1912 de
371 1868 473 1912 dirli
496 1869 556 1912 tal
578 1883 700 1922 cose,
725 1884 798 1913 ma
819 1869 876 1914 de
903 1867 1230 1912 intratenerlo
1219 1882 1265 1910 1n
1289 1867 1395 1910 tutti
1417 1867 1447 1910 li
1475 1867 1596 1910 modi
1621 1869 1707 1911 che
1730 1867 1859 1924 potro
1881 1867 1925 1909 in

293 1953 463 2002 quanta
500 1960 611 2003 pace
632 1953 678 1991 et
706 1946 859 2002 quiete
885 1945 917 1988 il
939 1945 1107 2002 Signor
1137 1944 1175 1987 si
1203 1945 1404 2001 degnara
1432 1944 1699 1997 concedere,
1730 1946 1816 1989 0116
1838 1945 1927 1989 ben

291 2024 409 2068 uedo
426 2024 618 2068 sarebbe
634 2023 712 2079 piu
728 2023 977 2068 accendere
987 2023 1019 2065 11
1035 2023 1186 2075 fuoco,
1207 2022 1244 2065 si
1262 2022 1429 2067 uolessi
1446 2005 1717 2079 risponderli
1729 2022 1772 2066 al
1789 2022 1928 2065 modo

291 2101 366 2146 del
382 2103 434 2144 P.
458 2100 666 2145 Uittoria.
690 2101 747 2143 Et
764 2099 825 2143 mi
842 2099 963 2144 disse
984 2100 1015 2142 l’
1020 2101 1184 2144 Ochoa
1200 2106 1550 2156 spressamente,
1571 2100 1753 2155 quando
1774 2098 1805 2142 li
1825 2114 1929 2155 par-

292 2178 382 2234 lay,
418 2179 504 2222 che
525 2177 594 2220 dir
615 2179 700 2221 che
721 2177 872 2232 quello
899 2178 985 2221 che
1014 2178 1192 2220 haueua
1219 2178 1346 2220 detto
1368 2191 1460 2220 non
1487 2191 1564 2220 era
1591 2191 1702 2220 uero
1732 2191 1823 2220 non
1851 2191 1927 2220 era

293 2254 507 2312 possibile
529 2245 695 2311 perche
717 2268 809 2297 non
829 2255 1008 2297 haueua
1029 2253 1155 2298 detta
1181 2268 1288 2297 cosa
1309 2255 1395 2297 che
1422 2267 1514 2296 non
1541 2254 1584 2296 13
1613 2260 1794 2309 potesse
1822 2268 1926 2310 pro—

295 2347 420 2386 uare;
444 2331 476 2374 il
499 2332 665 2384 Padre,
688 2345 767 2387 per
788 2330 819 2373 il
836 2330 1078 2383 contrario,
1099 2331 1316 2387 pretende
1337 2332 1423 2375 che
1439 2345 1489 2375 se
1504 2330 1535 2373 li
1556 2332 1616 2374 ha
1633 2331 1740 2374 fatta
1764 2330 1928 2374 iniuria

297 2425 323 2453 a
343 2410 423 2466 luy
443 2416 489 2453 et
509 2410 552 2452 al
575 2423 657 2453 suo
674 2408 850 2452 fratello
875 2409 906 2461 ¹,
931 2413 977 2452 et
997 2408 1082 2451 che
1103 2408 1155 2450 in
1174 2408 1290 2466 foro
1311 2409 1607 2451 conscientiae
1627 2407 1822 2463 bisogna
1843 2409 1929 2451 che

297 2486 446 2543 quello
467 2486 505 2529 si
526 2487 585 2529 116
607 2486 720 2529 fatto
741 2484 780 2528 si
808 2483 1035 2527 disfaccia.
1071 2485 1128 2527 V.
1156 2485 1209 2528 R.
1231 2485 1347 2528 uede
1368 2485 1412 2528 la
1432 2484 1667 2532 difficulta.
1694 2485 1798 2528 Non
1822 2498 1929 2539 pare

295 2565 382 2607 che
403 2570 563 2620 questa
583 2563 651 2607 sia
670 2563 714 2606 la
735 2561 811 2605 uia
831 2561 878 2604 di
899 2575 1126 2606 smorzare
1146 2561 1194 2604 in
1210 2569 1330 2604 tutto
1351 2561 1383 2604 il
1399 2562 1549 2605 fuoco.
1575 2562 1805 2604 Dominus
1815 2567 1929 2617 pro-

295 2640 462 2692 uideat,
487 2655 616 2685 come
637 2654 769 2696 spero
790 2641 877 2684 che
892 2640 936 2682 lo
959 2639 1068 2682 tara.
1094 2639 1141 2681 Io
1162 2639 1236 2683 del
1257 2646 1392 2682 canto
1413 2638 1504 2682 mio
1532 2653 1623 2682 non
1649 2632 1862 2681 rriancaro
1882 2637 1927 2697 (ii

294 2718 388 2762 fare
409 2723 580 2774 quanto
610 2716 643 2759 il
679 2716 849 2774 Signor
870 2715 931 2759 mi
966 2715 1234 2760 concedera.
1260 2715 1458 2760 Dissemi
1492 2717 1652 2760 Ochoa
1674 2716 1759 2759 che
1780 2716 1928 2759 hauea

293 2794 430 2838 scrito
453 2793 528 2850 gia
551 2809 591 2837 -a
622 2795 681 2838 V.
707 2795 762 2838 R.
789 2799 910 2837 tutto
931 2792 1082 2848 quello
1102 2790 1150 2834 in
1171 2793 1257 2835 che
1283 2791 1322 2835 si
1349 2807 1427 2836 era
1453 2792 1655 2848 obligato
1687 2806 1767 2847 per
1788 2791 1819 2833 il
1841 2804 1928 2834 suo

297 2871 472 2916 fratello
493 2886 573 2928 per
595 2871 691 2915 sola
712 2872 873 2916 offerta
893 2871 966 2914 del
990 2872 1042 2913 Ρ.
1069 2868 1261 2922 Uitoria,
1281 2876 1327 2912 et
1347 2870 1442 2913 cosi
1463 2885 1554 2913 non
1577 2883 1718 2926 penso
1740 2883 1798 2912 ne
1814 2867 1928 2911 scri-

302 2948 351 2955 ,-

371 2980 382 3000 ⁸
433 2979 494 3014 De
510 2977 630 3013 fratre
647 2978 774 3014 Patris
791 2977 979 3023 Victoria,
997 2976 1064 3024 qui
1082 2975 1249 3023 Neapoli
1266 2974 1442 3021 vivebat,
1461 2976 1551 3012 vide
1570 2975 1690 3022 epist.
1720 2974 1803 3020 296,
1823 2960 1867 3010 n.
1890 2984 1926 3019 43

298 3043 339 3074 et
356 3037 549 3085 append„
566 3037 674 3083 XVI,
692 3038 751 3082 b).
