<?xml version="1.0" encoding="UTF-8"?>
<!DOCTYPE html PUBLIC "-//W3C//DTD XHTML 1.0 Transitional//EN"
    "http://www.w3.org/TR/xhtml1/DTD/xhtml1-transitional.dtd">
<html xmlns="http://www.w3.org/1999/xhtml" xml:lang="en" lang="en">
 <head>
  <title>
</title>
<meta http-equiv="Content-Type" content="text/html;charset=utf-8" />
  <meta name='ocr-system' content='tesseract 3.04.00' />
  <meta name='ocr-capabilities' content='ocr_page ocr_carea ocr_par ocr_line ocrx_word'/>
</head>
<body>
  <div class='ocr_page' id='page_1' title='image "./epistolaephieron02nadauoft_0648.png"; bbox 0 0 2196 3522; ppageno 0'>
   <div class='ocr_carea' id='block_1_1' title="bbox 1354 147 1365 165">
    <p class='ocr_par' dir='ltr' id='par_1_1' title="bbox 1354 147 1365 165">
     <span class='ocr_line' id='line_1_1' title="bbox 1354 147 1365 165; baseline 0 0"><span class='ocrx_word' id='word_1_1' title='bbox 1354 147 1365 165; x_wconf 63' lang='lat' dir='ltr'><em>U</em></span> 
     </span>
    </p>
   </div>
   <div class='ocr_carea' id='block_1_2' title="bbox 334 284 1357 325">
    <p class='ocr_par' dir='ltr' id='par_1_2' title="bbox 334 284 1357 325">
     <span class='ocr_line' id='line_1_2' title="bbox 334 284 1357 325; baseline -0.005 0"><span class='ocrx_word' id='word_1_2' title='bbox 334 289 406 325; x_wconf 86' lang='lat'><strong>622</strong></span> <span class='ocrx_word' id='word_1_3' title='bbox 966 285 1105 322; x_wconf 75' lang='lat' dir='ltr'><strong>Eprsr.</strong></span> <span class='ocrx_word' id='word_1_4' title='bbox 1132 284 1177 320; x_wconf 93' lang='lat' dir='ltr'><strong>P.</strong></span> <span class='ocrx_word' id='word_1_5' title='bbox 1206 284 1357 321; x_wconf 79' lang='lat' dir='ltr'>NADAL</span> 
     </span>
    </p>
   </div>
   <div class='ocr_carea' id='block_1_3' title="bbox 250 386 1978 2991">
    <p class='ocr_par' dir='ltr' id='par_1_3' title="bbox 332 386 1978 1331">
     <span class='ocr_line' id='line_1_3' title="bbox 337 386 1974 456; baseline -0.001 -22"><span class='ocrx_word' id='word_1_6' title='bbox 337 389 574 456; x_wconf 86' lang='lat' dir='ltr'><strong>expeditus</strong></span> <span class='ocrx_word' id='word_1_7' title='bbox 595 394 732 441; x_wconf 88' lang='lat' dir='ltr'><strong>esset,</strong></span> <span class='ocrx_word' id='word_1_8' title='bbox 764 402 816 431; x_wconf 88' lang='lat' dir='ltr'><strong>ac</strong></span> <span class='ocrx_word' id='word_1_9' title='bbox 845 400 1219 453; x_wconf 82' lang='lat' dir='ltr'><strong>unumquemque</strong></span> <span class='ocrx_word' id='word_1_10' title='bbox 1248 386 1320 430; x_wconf 90' lang='lat' dir='ltr'><strong>sui</strong></span> <span class='ocrx_word' id='word_1_11' title='bbox 1351 387 1488 431; x_wconf 87' lang='lat' dir='ltr'><strong>officii</strong></span> <span class='ocrx_word' id='word_1_12' title='bbox 1515 396 1726 434; x_wconf 88' lang='lat' dir='ltr'><strong>accurate</strong></span> <span class='ocrx_word' id='word_1_13' title='bbox 1752 399 1974 443; x_wconf 88' lang='lat' dir='ltr'><strong>moneret,</strong></span> 
     </span>
     <span class='ocr_line' id='line_1_4' title="bbox 336 424 1978 494; baseline 0 -2"><span class='ocrx_word' id='word_1_14' title='bbox 336 449 510 492; x_wconf 91' lang='lat' dir='ltr'><strong>animos</strong></span> <span class='ocrx_word' id='word_1_15' title='bbox 532 447 734 491; x_wconf 92' lang='lat' dir='ltr'><strong>omnium</strong></span> <span class='ocrx_word' id='word_1_16' title='bbox 757 448 814 490; x_wconf 93' lang='lat' dir='ltr'><strong>ad</strong></span> <span class='ocrx_word' id='word_1_17' title='bbox 836 445 1075 492; x_wconf 89' lang='lat' dir='ltr'><strong>Societatis</strong></span> <span class='ocrx_word' id='word_1_18' title='bbox 1096 444 1355 489; x_wconf 89' lang='lat' dir='ltr'><strong>institutum</strong></span> <span class='ocrx_word' id='word_1_19' title='bbox 1377 447 1584 493; x_wconf 83' lang='lat' dir='ltr'><strong>celeriter</strong></span> <span class='ocrx_word' id='word_1_20' title='bbox 1604 455 1840 494; x_wconf 91' lang='lat' dir='ltr'><strong>reuocaret</strong></span> <span class='ocrx_word' id='word_1_21' title='bbox 1856 455 1903 493; x_wconf 94' lang='lat' dir='ltr'><strong>et</strong></span> <span class='ocrx_word' id='word_1_22' title='bbox 1919 424 1978 493; x_wconf 87' lang='lat' dir='ltr'><strong>ad</strong></span> 
     </span>
     <span class='ocr_line' id='line_1_5' title="bbox 337 504 1972 572; baseline 0 -20"><span class='ocrx_word' id='word_1_23' title='bbox 337 507 716 552; x_wconf 87' lang='lat' dir='ltr'>constitutionum</span> <span class='ocrx_word' id='word_1_24' title='bbox 740 505 1107 572; x_wconf 81' lang='lat' dir='ltr'><strong>obseruationem</strong></span> <span class='ocrx_word' id='word_1_25' title='bbox 1129 504 1372 562; x_wconf 86' lang='lat' dir='ltr'><strong>diligenter</strong></span> <span class='ocrx_word' id='word_1_26' title='bbox 1398 515 1691 563; x_wconf 83' lang='lat' dir='ltr'><strong>prouocaret:</strong></span> <span class='ocrx_word' id='word_1_27' title='bbox 1720 507 1873 565; x_wconf 90' lang='lat' dir='ltr'><strong>potius</strong></span> <span class='ocrx_word' id='word_1_28' title='bbox 1905 514 1972 552; x_wconf 89' lang='lat' dir='ltr'><strong>ta-</strong></span> 
     </span>
     <span class='ocr_line' id='line_1_6' title="bbox 337 564 1974 620; baseline -0.001 -9"><span class='ocrx_word' id='word_1_29' title='bbox 337 582 443 613; x_wconf 85' lang='lat' dir='ltr'><strong>men</strong></span> <span class='ocrx_word' id='word_1_30' title='bbox 463 567 572 610; x_wconf 92' lang='lat' dir='ltr'><strong>dum</strong></span> <span class='ocrx_word' id='word_1_31' title='bbox 594 569 708 611; x_wconf 91' lang='lat' dir='ltr'><strong>haec</strong></span> <span class='ocrx_word' id='word_1_32' title='bbox 724 567 938 618; x_wconf 89' lang='lat' dir='ltr'><strong>efficeret,</strong></span> <span class='ocrx_word' id='word_1_33' title='bbox 958 564 1129 617; x_wconf 82' lang='lat' dir='ltr'><strong>suauiS,</strong></span> <span class='ocrx_word' id='word_1_34' title='bbox 1150 564 1392 618; x_wconf 90' lang='lat' dir='ltr'><strong>iucundus,</strong></span> <span class='ocrx_word' id='word_1_35' title='bbox 1411 565 1579 620; x_wconf 90' lang='lat' dir='ltr'><strong>hilaris,</strong></span> <span class='ocrx_word' id='word_1_36' title='bbox 1598 567 1744 611; x_wconf 91' lang='lat' dir='ltr'><strong>laetus</strong></span> <span class='ocrx_word' id='word_1_37' title='bbox 1761 581 1814 610; x_wconf 92' lang='lat' dir='ltr'><strong>ac</strong></span> <span class='ocrx_word' id='word_1_38' title='bbox 1831 567 1974 610; x_wconf 91' lang='lat' dir='ltr'><strong>facilis</strong></span> 
     </span>
     <span class='ocr_line' id='line_1_7' title="bbox 336 624 1973 682; baseline -0.001 -11"><span class='ocrx_word' id='word_1_39' title='bbox 336 641 436 671; x_wconf 89' lang='lat' dir='ltr'><strong>esse</strong></span> <span class='ocrx_word' id='word_1_40' title='bbox 458 641 593 682; x_wconf 91' lang='lat' dir='ltr'><strong>quam</strong></span> <span class='ocrx_word' id='word_1_41' title='bbox 617 625 739 669; x_wconf 91' lang='lat' dir='ltr'><strong>aliud</strong></span> <span class='ocrx_word' id='word_1_42' title='bbox 755 639 893 682; x_wconf 90' lang='lat' dir='ltr'><strong>agere</strong></span> <span class='ocrx_word' id='word_1_43' title='bbox 916 624 1163 669; x_wconf 90' lang='lat' dir='ltr'><strong>uideretur.</strong></span> <span class='ocrx_word' id='word_1_44' title='bbox 1183 624 1325 668; x_wconf 92' lang='lat' dir='ltr'><strong>Nouit</strong></span> <span class='ocrx_word' id='word_1_45' title='bbox 1346 639 1513 681; x_wconf 91' lang='lat' dir='ltr'><strong>magna</strong></span> <span class='ocrx_word' id='word_1_46' title='bbox 1535 632 1631 670; x_wconf 91' lang='lat' dir='ltr'><strong>arte</strong></span> <span class='ocrx_word' id='word_1_47' title='bbox 1651 625 1840 670; x_wconf 87' lang='lat' dir='ltr'><strong>afflictos</strong></span> <span class='ocrx_word' id='word_1_48' title='bbox 1860 640 1973 670; x_wconf 92' lang='lat' dir='ltr'><strong>con-</strong></span> 
     </span>
     <span class='ocr_line' id='line_1_8' title="bbox 335 683 1973 752; baseline -0.001 -23"><span class='ocrx_word' id='word_1_49' title='bbox 335 685 485 739; x_wconf 90' lang='lat' dir='ltr'><strong>solari,</strong></span> <span class='ocrx_word' id='word_1_50' title='bbox 506 699 700 752; x_wconf 77' lang='lat' dir='ltr'><strong>pressos,</strong></span> <span class='ocrx_word' id='word_1_51' title='bbox 721 691 765 729; x_wconf 91' lang='lat' dir='ltr'><strong>et</strong></span> <span class='ocrx_word' id='word_1_52' title='bbox 787 683 865 751; x_wconf 81' lang='lat' dir='ltr'><strong>qui</strong></span> <span class='ocrx_word' id='word_1_53' title='bbox 883 683 1045 740; x_wconf 92' lang='lat' dir='ltr'><strong>pusillo</strong></span> <span class='ocrx_word' id='word_1_54' title='bbox 1066 689 1173 726; x_wconf 91' lang='lat' dir='ltr'><strong>sunt</strong></span> <span class='ocrx_word' id='word_1_55' title='bbox 1195 683 1345 727; x_wconf 89' lang='lat' dir='ltr'><strong>animo</strong></span> <span class='ocrx_word' id='word_1_56' title='bbox 1366 684 1634 729; x_wconf 85' lang='lat' dir='ltr'><strong>dexteritate</strong></span> <span class='ocrx_word' id='word_1_57' title='bbox 1655 684 1938 729; x_wconf 86' lang='lat' dir='ltr'><strong>admirabili</strong></span> <span class='ocrx_word' id='word_1_58' title='bbox 1925 700 1973 729; x_wconf 92' lang='lat' dir='ltr'><strong>1n</strong></span> 
     </span>
     <span class='ocr_line' id='line_1_9' title="bbox 336 742 1969 800; baseline 0 -12"><span class='ocrx_word' id='word_1_59' title='bbox 336 745 550 789; x_wconf 90' lang='lat' dir='ltr'><strong>maiorem</strong></span> <span class='ocrx_word' id='word_1_60' title='bbox 567 744 767 787; x_wconf 89' lang='lat' dir='ltr'><strong>animum</strong></span> <span class='ocrx_word' id='word_1_61' title='bbox 785 743 976 800; x_wconf 87' lang='lat' dir='ltr'><strong>erigere,</strong></span> <span class='ocrx_word' id='word_1_62' title='bbox 998 742 1215 787; x_wconf 84' lang='lat' dir='ltr'><strong>tardiores</strong></span> <span class='ocrx_word' id='word_1_63' title='bbox 1231 743 1432 787; x_wconf 90' lang='lat' dir='ltr'><strong>suauiter</strong></span> <span class='ocrx_word' id='word_1_64' title='bbox 1447 744 1693 800; x_wconf 87' lang='lat' dir='ltr'><strong>impellere,</strong></span> <span class='ocrx_word' id='word_1_65' title='bbox 1713 744 1969 799; x_wconf 89' lang='lat' dir='ltr'><strong>celeriores,</strong></span> 
     </span>
     <span class='ocr_line' id='line_1_10' title="bbox 336 796 1973 861; baseline -0.001 -14"><span class='ocrx_word' id='word_1_66' title='bbox 336 819 393 848; x_wconf 90' lang='lat' dir='ltr'><strong>ne</strong></span> <span class='ocrx_word' id='word_1_67' title='bbox 415 796 700 861; x_wconf 69' lang='lat' dir='ltr'><strong>frangantur,</strong></span> <span class='ocrx_word' id='word_1_68' title='bbox 721 811 816 847; x_wconf 87' lang='lat' dir='ltr'><strong>arte</strong></span> <span class='ocrx_word' id='word_1_69' title='bbox 838 803 1032 858; x_wconf 91' lang='lat' dir='ltr'><strong>quadam</strong></span> <span class='ocrx_word' id='word_1_70' title='bbox 1054 802 1292 845; x_wconf 83' lang='lat' dir='ltr'><strong>moderari:</strong></span> <span class='ocrx_word' id='word_1_71' title='bbox 1319 802 1560 859; x_wconf 89' lang='lat' dir='ltr'><strong>tepidiores</strong></span> <span class='ocrx_word' id='word_1_72' title='bbox 1582 803 1911 858; x_wconf 89' lang='lat' dir='ltr'><strong>inflammare,&#39;</strong></span> <span class='ocrx_word' id='word_1_73' title='bbox 1899 818 1973 846; x_wconf 87' lang='lat' dir='ltr'><strong>m-</strong></span> 
     </span>
     <span class='ocr_line' id='line_1_11' title="bbox 334 860 1973 917; baseline 0 -11"><span class='ocrx_word' id='word_1_74' title='bbox 334 865 587 907; x_wconf 89' lang='lat' dir='ltr'><strong>fiammatos</strong></span> <span class='ocrx_word' id='word_1_75' title='bbox 623 875 920 914; x_wconf 89' lang='lat' dir='ltr'><strong>conseruare,</strong></span> <span class='ocrx_word' id='word_1_76' title='bbox 953 860 1164 905; x_wconf 89' lang='lat' dir='ltr'><strong>omnibus</strong></span> <span class='ocrx_word' id='word_1_77' title='bbox 1190 861 1386 917; x_wconf 81' lang='lat' dir='ltr'><strong>denique</strong></span> <span class='ocrx_word' id='word_1_78' title='bbox 1414 862 1565 906; x_wconf 92' lang='lat' dir='ltr'><strong>omnia</strong></span> <span class='ocrx_word' id='word_1_79' title='bbox 1592 862 1711 916; x_wconf 91' lang='lat' dir='ltr'><strong>fieri,</strong></span> <span class='ocrx_word' id='word_1_80' title='bbox 1747 869 1792 907; x_wconf 91' lang='lat' dir='ltr'><strong>et</strong></span> <span class='ocrx_word' id='word_1_81' title='bbox 1821 869 1973 908; x_wconf 90' lang='lat' dir='ltr'><strong>tamen</strong></span> 
     </span>
     <span class='ocr_line' id='line_1_12' title="bbox 333 920 1971 988; baseline -0.001 -23"><span class='ocrx_word' id='word_1_82' title='bbox 333 923 453 967; x_wconf 90' lang='lat' dir='ltr'><strong>idem</strong></span> <span class='ocrx_word' id='word_1_83' title='bbox 470 937 654 979; x_wconf 87' lang='lat' dir='ltr'><strong>prorsus</strong></span> <span class='ocrx_word' id='word_1_84' title='bbox 671 936 870 976; x_wconf 87' lang='lat' dir='ltr'><strong>manere,</strong></span> <span class='ocrx_word' id='word_1_85' title='bbox 890 935 943 964; x_wconf 88' lang='lat' dir='ltr'><strong>ac</strong></span> <span class='ocrx_word' id='word_1_86' title='bbox 965 920 1154 978; x_wconf 84' lang='lat' dir='ltr'><strong>genuini</strong></span> <span class='ocrx_word' id='word_1_87' title='bbox 1172 920 1412 965; x_wconf 89' lang='lat' dir='ltr'><strong>Societatis</strong></span> <span class='ocrx_word' id='word_1_88' title='bbox 1427 921 1612 988; x_wconf 81' lang='lat' dir='ltr'><strong>spiritus</strong></span> <span class='ocrx_word' id='word_1_89' title='bbox 1628 921 1809 978; x_wconf 84' lang='lat' dir='ltr'><strong>insigne</strong></span> <span class='ocrx_word' id='word_1_90' title='bbox 1824 921 1971 978; x_wconf 83' lang='lat' dir='ltr'><strong>speci-</strong></span> 
     </span>
     <span class='ocr_line' id='line_1_13' title="bbox 334 979 1972 1039; baseline 0 -14"><span class='ocrx_word' id='word_1_91' title='bbox 334 997 437 1026; x_wconf 93' lang='lat' dir='ltr'><strong>men</strong></span> <span class='ocrx_word' id='word_1_92' title='bbox 455 982 721 1039; x_wconf 86' lang='lat' dir='ltr'><strong>exprimere.</strong></span> <span class='ocrx_word' id='word_1_93' title='bbox 743 982 800 1024; x_wconf 92' lang='lat' dir='ltr'><strong>Et</strong></span> <span class='ocrx_word' id='word_1_94' title='bbox 820 988 869 1024; x_wconf 92' lang='lat' dir='ltr'><strong>ut</strong></span> <span class='ocrx_word' id='word_1_95' title='bbox 884 979 1129 1037; x_wconf 86' lang='lat' dir='ltr'><strong>collegium</strong></span> <span class='ocrx_word' id='word_1_96' title='bbox 1147 979 1315 1024; x_wconf 90' lang='lat' dir='ltr'><strong>rectius</strong></span> <span class='ocrx_word' id='word_1_97' title='bbox 1333 980 1604 1034; x_wconf 86' lang='lat' dir='ltr'><strong>institueret,</strong></span> <span class='ocrx_word' id='word_1_98' title='bbox 1618 980 1972 1025; x_wconf 88' lang='lat' dir='ltr'><strong>consuetudines</strong></span> 
     </span>
     <span class='ocr_line' id='line_1_14' title="bbox 334 1039 1971 1097; baseline 0 -13"><span class='ocrx_word' id='word_1_99' title='bbox 334 1041 508 1097; x_wconf 91' lang='lat' dir='ltr'><strong>aliquas</strong></span> <span class='ocrx_word' id='word_1_100' title='bbox 536 1041 624 1084; x_wconf 92' lang='lat' dir='ltr'><strong>iam</strong></span> <span class='ocrx_word' id='word_1_101' title='bbox 647 1040 861 1092; x_wconf 89' lang='lat' dir='ltr'><strong>aboleuit,</strong></span> <span class='ocrx_word' id='word_1_102' title='bbox 887 1040 1053 1083; x_wconf 89' lang='lat' dir='ltr'><strong>multas</strong></span> <span class='ocrx_word' id='word_1_103' title='bbox 1080 1039 1380 1092; x_wconf 90' lang='lat' dir='ltr'><strong>confirmauit,</strong></span> <span class='ocrx_word' id='word_1_104' title='bbox 1406 1054 1458 1083; x_wconf 92' lang='lat' dir='ltr'><strong>ac</strong></span> <span class='ocrx_word' id='word_1_105' title='bbox 1481 1041 1721 1084; x_wconf 87' lang='lat' dir='ltr'><strong>nonnullas</strong></span> <span class='ocrx_word' id='word_1_106' title='bbox 1743 1040 1878 1085; x_wconf 90' lang='lat' dir='ltr'><strong>etiam</strong></span> <span class='ocrx_word' id='word_1_107' title='bbox 1899 1039 1971 1084; x_wconf 91' lang='lat' dir='ltr'><strong>in—</strong></span> 
     </span>
     <span class='ocr_line' id='line_1_15' title="bbox 334 1098 1971 1156; baseline 0 -13"><span class='ocrx_word' id='word_1_108' title='bbox 334 1100 550 1154; x_wconf 87' lang='lat' dir='ltr'><strong>troduxit;</strong></span> <span class='ocrx_word' id='word_1_109' title='bbox 577 1099 772 1152; x_wconf 86' lang='lat' dir='ltr'><strong>tametsi,</strong></span> <span class='ocrx_word' id='word_1_110' title='bbox 793 1114 909 1155; x_wconf 85' lang='lat' dir='ltr'><strong>quae</strong></span> <span class='ocrx_word' id='word_1_111' title='bbox 931 1098 1173 1155; x_wconf 91' lang='lat' dir='ltr'><strong>praecipua</strong></span> <span class='ocrx_word' id='word_1_112' title='bbox 1189 1106 1333 1151; x_wconf 91' lang='lat' dir='ltr'><strong>erant,</strong></span> <span class='ocrx_word' id='word_1_113' title='bbox 1353 1114 1445 1142; x_wconf 92' lang='lat' dir='ltr'><strong>non</strong></span> <span class='ocrx_word' id='word_1_114' title='bbox 1462 1099 1682 1156; x_wconf 89' lang='lat' dir='ltr'><strong>attigerit,</strong></span> <span class='ocrx_word' id='word_1_115' title='bbox 1703 1099 1824 1155; x_wconf 91' lang='lat' dir='ltr'><strong>quod</strong></span> <span class='ocrx_word' id='word_1_116' title='bbox 1846 1099 1971 1155; x_wconf 91' lang='lat' dir='ltr'><strong>prius</strong></span> 
     </span>
     <span class='ocr_line' id='line_1_16' title="bbox 332 1158 1969 1216; baseline 0 -14"><span class='ocrx_word' id='word_1_117' title='bbox 332 1174 556 1216; x_wconf 84' lang='lat' dir='ltr'><strong>pragense</strong></span> <span class='ocrx_word' id='word_1_118' title='bbox 579 1159 821 1216; x_wconf 88' lang='lat' dir='ltr'><strong>collegium</strong></span> <span class='ocrx_word' id='word_1_119' title='bbox 838 1158 1167 1215; x_wconf 89' lang='lat' dir='ltr'><strong>inspiciendum</strong></span> <span class='ocrx_word' id='word_1_120' title='bbox 1190 1173 1289 1203; x_wconf 90' lang='lat' dir='ltr'><strong>esse</strong></span> <span class='ocrx_word' id='word_1_121' title='bbox 1311 1158 1544 1211; x_wconf 88' lang='lat' dir='ltr'><strong>iudicaret,</strong></span> <span class='ocrx_word' id='word_1_122' title='bbox 1566 1158 1793 1203; x_wconf 87' lang='lat' dir='ltr'><strong>rediturus</strong></span> <span class='ocrx_word' id='word_1_123' title='bbox 1812 1159 1869 1202; x_wconf 88' lang='lat' dir='ltr'><strong>ad</strong></span> <span class='ocrx_word' id='word_1_124' title='bbox 1885 1173 1969 1202; x_wconf 90' lang='lat' dir='ltr'><strong>nos</strong></span> 
     </span>
     <span class='ocr_line' id='line_1_17' title="bbox 332 1217 1966 1275; baseline -0.001 -13"><span class='ocrx_word' id='word_1_125' title='bbox 332 1219 453 1272; x_wconf 91' lang='lat' dir='ltr'><strong>inde,</strong></span> <span class='ocrx_word' id='word_1_126' title='bbox 486 1226 536 1262; x_wconf 95' lang='lat' dir='ltr'><strong>ut</strong></span> <span class='ocrx_word' id='word_1_127' title='bbox 565 1233 681 1275; x_wconf 91' lang='lat' dir='ltr'><strong>quae</strong></span> <span class='ocrx_word' id='word_1_128' title='bbox 710 1218 784 1261; x_wconf 91' lang='lat' dir='ltr'><strong>hic</strong></span> <span class='ocrx_word' id='word_1_129' title='bbox 822 1232 875 1261; x_wconf 90' lang='lat' dir='ltr'><strong>ac</strong></span> <span class='ocrx_word' id='word_1_130' title='bbox 903 1217 950 1260; x_wconf 90' lang='lat' dir='ltr'><strong>in</strong></span> <span class='ocrx_word' id='word_1_131' title='bbox 983 1224 1077 1260; x_wconf 89' lang='lat' dir='ltr'><strong>tota</strong></span> <span class='ocrx_word' id='word_1_132' title='bbox 1108 1219 1193 1261; x_wconf 90' lang='lat' dir='ltr'><strong>hac</strong></span> <span class='ocrx_word' id='word_1_133' title='bbox 1221 1217 1454 1273; x_wconf 90' lang='lat' dir='ltr'><strong>prouincia</strong></span> <span class='ocrx_word' id='word_1_134' title='bbox 1481 1218 1729 1261; x_wconf 92' lang='lat' dir='ltr'><strong>constituta</strong></span> <span class='ocrx_word' id='word_1_135' title='bbox 1765 1218 1966 1261; x_wconf 92' lang='lat' dir='ltr'><strong>nondum</strong></span> 
     </span>
     <span class='ocr_line' id='line_1_18' title="bbox 332 1277 1093 1331; baseline -0.004 -9"><span class='ocrx_word' id='word_1_136' title='bbox 332 1285 477 1331; x_wconf 76' lang='lat' dir='ltr'><strong>erant,</strong></span> <span class='ocrx_word' id='word_1_137' title='bbox 503 1277 754 1321; x_wconf 90' lang='lat' dir='ltr'><strong>absolutius</strong></span> <span class='ocrx_word' id='word_1_138' title='bbox 776 1277 1093 1320; x_wconf 91' lang='lat' dir='ltr'><strong>conficiantur.</strong></span> 
     </span>
    </p>

    <p class='ocr_par' dir='ltr' id='par_1_4' title="bbox 331 1335 1967 1571">
     <span class='ocr_line' id='line_1_19' title="bbox 420 1335 1967 1393; baseline -0.001 -12"><span class='ocrx_word' id='word_1_139' title='bbox 420 1337 773 1393; x_wconf 88' lang='lat' dir='ltr'><strong>Decimoquarto</strong></span> <span class='ocrx_word' id='word_1_140' title='bbox 795 1338 1006 1380; x_wconf 90' lang='lat' dir='ltr'><strong>calendas</strong></span> <span class='ocrx_word' id='word_1_141' title='bbox 1030 1335 1136 1391; x_wconf 89' lang='lat' dir='ltr'><strong>Maji</strong></span> <span class='ocrx_word' id='word_1_142' title='bbox 1158 1335 1354 1378; x_wconf 90' lang='lat' dir='ltr'><strong>instituit</strong></span> <span class='ocrx_word' id='word_1_143' title='bbox 1376 1337 1430 1379; x_wconf 84' lang='lat' dir='ltr'><strong>R.</strong></span> <span class='ocrx_word' id='word_1_144' title='bbox 1458 1338 1510 1380; x_wconf 90' lang='lat' dir='ltr'><strong>P.</strong></span> <span class='ocrx_word' id='word_1_145' title='bbox 1532 1335 1866 1379; x_wconf 90' lang='lat' dir='ltr'><strong>commissarius</strong></span> <span class='ocrx_word' id='word_1_146' title='bbox 1882 1350 1967 1380; x_wconf 91' lang='lat' dir='ltr'><strong>uo-</strong></span> 
     </span>
     <span class='ocr_line' id='line_1_20' title="bbox 333 1395 1964 1451; baseline -0.001 -12"><span class='ocrx_word' id='word_1_147' title='bbox 333 1403 481 1440; x_wconf 91' lang='lat' dir='ltr'><strong>torum</strong></span> <span class='ocrx_word' id='word_1_148' title='bbox 502 1396 861 1448; x_wconf 90' lang='lat' dir='ltr'><strong>innouationem,</strong></span> <span class='ocrx_word' id='word_1_149' title='bbox 887 1410 1002 1451; x_wconf 90' lang='lat' dir='ltr'><strong>quae</strong></span> <span class='ocrx_word' id='word_1_150' title='bbox 1019 1397 1105 1438; x_wconf 90' lang='lat' dir='ltr'><strong>hoc</strong></span> <span class='ocrx_word' id='word_1_151' title='bbox 1123 1395 1341 1438; x_wconf 88' lang='lat' dir='ltr'><strong>celebrior</strong></span> <span class='ocrx_word' id='word_1_152' title='bbox 1359 1395 1459 1447; x_wconf 88' lang='lat' dir='ltr'><strong>fuit,</strong></span> <span class='ocrx_word' id='word_1_153' title='bbox 1481 1396 1603 1450; x_wconf 88' lang='lat' dir='ltr'><strong>quod</strong></span> <span class='ocrx_word' id='word_1_154' title='bbox 1620 1395 1964 1451; x_wconf 89' lang='lat' dir='ltr'><strong>quatuordecim</strong></span> 
     </span>
     <span class='ocr_line' id='line_1_21' title="bbox 334 1453 1966 1509; baseline 0 -11"><span class='ocrx_word' id='word_1_155' title='bbox 334 1456 496 1500; x_wconf 91' lang='lat' dir='ltr'><strong>nouitii</strong></span> <span class='ocrx_word' id='word_1_156' title='bbox 524 1471 616 1499; x_wconf 94' lang='lat' dir='ltr'><strong>non</strong></span> <span class='ocrx_word' id='word_1_157' title='bbox 645 1455 706 1498; x_wconf 88' lang='lat' dir='ltr'><strong>ita</strong></span> <span class='ocrx_word' id='word_1_158' title='bbox 734 1456 878 1498; x_wconf 90' lang='lat' dir='ltr'><strong>multo</strong></span> <span class='ocrx_word' id='word_1_159' title='bbox 906 1462 1012 1498; x_wconf 90' lang='lat' dir='ltr'><strong>ante</strong></span> <span class='ocrx_word' id='word_1_160' title='bbox 1040 1469 1066 1497; x_wconf 93' lang='lat' dir='ltr'><strong>e</strong></span> <span class='ocrx_word' id='word_1_161' title='bbox 1093 1455 1229 1497; x_wconf 93' lang='lat' dir='ltr'><strong>domo</strong></span> <span class='ocrx_word' id='word_1_162' title='bbox 1258 1454 1534 1509; x_wconf 91' lang='lat' dir='ltr'><strong>probationis</strong></span> <span class='ocrx_word' id='word_1_163' title='bbox 1571 1453 1746 1508; x_wconf 89' lang='lat' dir='ltr'><strong>educti,</strong></span> <span class='ocrx_word' id='word_1_164' title='bbox 1777 1469 1966 1498; x_wconf 90' lang='lat' dir='ltr'><strong>suorum</strong></span> 
     </span>
     <span class='ocr_line' id='line_1_22' title="bbox 331 1513 1966 1571; baseline 0 -14"><span class='ocrx_word' id='word_1_165' title='bbox 331 1523 545 1559; x_wconf 91' lang='lat' dir='ltr'><strong>uotorum</strong></span> <span class='ocrx_word' id='word_1_166' title='bbox 569 1514 787 1571; x_wconf 89' lang='lat' dir='ltr'><strong>primitias</strong></span> <span class='ocrx_word' id='word_1_167' title='bbox 809 1529 863 1559; x_wconf 94' lang='lat' dir='ltr'><strong>eo</strong></span> <span class='ocrx_word' id='word_1_168' title='bbox 887 1521 1087 1570; x_wconf 91' lang='lat' dir='ltr'><strong>tempore</strong></span> <span class='ocrx_word' id='word_1_169' title='bbox 1104 1514 1398 1557; x_wconf 86' lang='lat' dir='ltr'><strong>celebrarent.</strong></span> <span class='ocrx_word' id='word_1_170' title='bbox 1421 1513 1590 1557; x_wconf 89' lang='lat' dir='ltr'><strong>Attulit</strong></span> <span class='ocrx_word' id='word_1_171' title='bbox 1606 1515 1718 1557; x_wconf 90' lang='lat' dir='ltr'><strong>haec</strong></span> <span class='ocrx_word' id='word_1_172' title='bbox 1734 1527 1807 1557; x_wconf 87' lang='lat' dir='ltr'><strong>res</strong></span> <span class='ocrx_word' id='word_1_173' title='bbox 1823 1513 1966 1557; x_wconf 93' lang='lat' dir='ltr'><strong>omni-</strong></span> 
     </span>
    </p>

    <p class='ocr_par' dir='ltr' id='par_1_5' title="bbox 250 1572 1967 2991">
     <span class='ocr_line' id='line_1_23' title="bbox 312 1572 1967 1631; baseline -0.001 -13"><span class='ocrx_word' id='word_1_174' title='bbox 312 1575 415 1625; x_wconf 65' lang='lat' dir='ltr'><strong>‚bus</strong></span> <span class='ocrx_word' id='word_1_175' title='bbox 437 1589 650 1631; x_wconf 89' lang='lat' dir='ltr'><strong>magnam</strong></span> <span class='ocrx_word' id='word_1_176' title='bbox 672 1573 890 1630; x_wconf 87' lang='lat' dir='ltr'><strong>imprimis</strong></span> <span class='ocrx_word' id='word_1_177' title='bbox 913 1572 1282 1616; x_wconf 87' lang='lat' dir='ltr'><strong>consolationem.</strong></span> <span class='ocrx_word' id='word_1_178' title='bbox 1306 1575 1659 1617; x_wconf 79' lang='lat' dir='ltr'><strong>praecesserunt</strong></span> <span class='ocrx_word' id='word_1_179' title='bbox 1681 1580 1833 1616; x_wconf 88' lang='lat' dir='ltr'><strong>autem</strong></span> <span class='ocrx_word' id='word_1_180' title='bbox 1854 1575 1967 1617; x_wconf 91' lang='lat' dir='ltr'><strong>haec</strong></span> 
     </span>
     <span class='ocr_line' id='line_1_24' title="bbox 328 1631 1966 1690; baseline -0.001 -13"><span class='ocrx_word' id='word_1_181' title='bbox 328 1642 451 1687; x_wconf 90' lang='lat' dir='ltr'><strong>uota,</strong></span> <span class='ocrx_word' id='word_1_182' title='bbox 484 1648 566 1690; x_wconf 92' lang='lat' dir='ltr'><strong>pro</strong></span> <span class='ocrx_word' id='word_1_183' title='bbox 597 1632 837 1678; x_wconf 85' lang='lat' dir='ltr'><strong>Societatis</strong></span> <span class='ocrx_word' id='word_1_184' title='bbox 865 1631 1194 1676; x_wconf 89' lang='lat' dir='ltr'><strong>consuetudine</strong></span> <span class='ocrx_word' id='word_1_185' title='bbox 1222 1631 1457 1685; x_wconf 85' lang='lat' dir='ltr'><strong>laudabili,</strong></span> <span class='ocrx_word' id='word_1_186' title='bbox 1483 1631 1851 1676; x_wconf 90' lang='lat' dir='ltr'><strong>mortificationes</strong></span> <span class='ocrx_word' id='word_1_187' title='bbox 1884 1647 1966 1676; x_wconf 91' lang='lat' dir='ltr'><strong>ua-</strong></span> 
     </span>
     <span class='ocr_line' id='line_1_25' title="bbox 326 1691 1964 1749; baseline 0 -14"><span class='ocrx_word' id='word_1_188' title='bbox 326 1692 433 1737; x_wconf 91' lang='lat' dir='ltr'><strong>riae:</strong></span> <span class='ocrx_word' id='word_1_189' title='bbox 461 1707 513 1736; x_wconf 92' lang='lat' dir='ltr'><strong>ac</strong></span> <span class='ocrx_word' id='word_1_190' title='bbox 535 1699 712 1749; x_wconf 89' lang='lat' dir='ltr'><strong>praeter</strong></span> <span class='ocrx_word' id='word_1_191' title='bbox 733 1693 928 1748; x_wconf 88' lang='lat' dir='ltr'><strong>flagella,</strong></span> <span class='ocrx_word' id='word_1_192' title='bbox 954 1691 1080 1734; x_wconf 91' lang='lat' dir='ltr'><strong>licuit</strong></span> <span class='ocrx_word' id='word_1_193' title='bbox 1103 1691 1351 1747; x_wconf 78' lang='lat' dir='ltr'><strong>aliquibus,</strong></span> <span class='ocrx_word' id='word_1_194' title='bbox 1383 1691 1657 1734; x_wconf 89' lang='lat' dir='ltr'><strong>nouitiorum</strong></span> <span class='ocrx_word' id='word_1_195' title='bbox 1686 1706 1810 1735; x_wconf 90' lang='lat' dir='ltr'><strong>more</strong></span> <span class='ocrx_word' id='word_1_196' title='bbox 1832 1691 1964 1735; x_wconf 92' lang='lat' dir='ltr'><strong>uiue-</strong></span> 
     </span>
     <span class='ocr_line' id='line_1_26' title="bbox 325 1750 1961 1808; baseline 0 -14"><span class='ocrx_word' id='word_1_197' title='bbox 325 1766 390 1805; x_wconf 87' lang='lat' dir='ltr'><strong>re,</strong></span> <span class='ocrx_word' id='word_1_198' title='bbox 416 1752 513 1796; x_wconf 90' lang='lat' dir='ltr'><strong>aliis</strong></span> <span class='ocrx_word' id='word_1_199' title='bbox 535 1759 783 1808; x_wconf 87' lang='lat' dir='ltr'><strong>emptorem</strong></span> <span class='ocrx_word' id='word_1_200' title='bbox 807 1767 885 1807; x_wconf 92' lang='lat' dir='ltr'><strong>per</strong></span> <span class='ocrx_word' id='word_1_201' title='bbox 907 1750 1136 1795; x_wconf 86' lang='lat' dir='ltr'><strong>ciuitatem</strong></span> <span class='ocrx_word' id='word_1_202' title='bbox 1161 1750 1304 1806; x_wconf 89' lang='lat' dir='ltr'><strong>sequi,</strong></span> <span class='ocrx_word' id='word_1_203' title='bbox 1330 1763 1383 1792; x_wconf 92' lang='lat' dir='ltr'><strong>ac</strong></span> <span class='ocrx_word' id='word_1_204' title='bbox 1403 1765 1519 1806; x_wconf 88' lang='lat' dir='ltr'><strong>quae</strong></span> <span class='ocrx_word' id='word_1_205' title='bbox 1541 1751 1756 1794; x_wconf 91' lang='lat' dir='ltr'><strong>emissent</strong></span> <span class='ocrx_word' id='word_1_206' title='bbox 1777 1751 1961 1794; x_wconf 91' lang='lat' dir='ltr'><strong>domum</strong></span> 
     </span>
     <span class='ocr_line' id='line_1_27' title="bbox 327 1809 1958 1867; baseline 0.001 -14"><span class='ocrx_word' id='word_1_207' title='bbox 327 1812 459 1865; x_wconf 85' lang='lat' dir='ltr'><strong>ferre,</strong></span> <span class='ocrx_word' id='word_1_208' title='bbox 484 1811 582 1855; x_wconf 92' lang='lat' dir='ltr'><strong>aliis</strong></span> <span class='ocrx_word' id='word_1_209' title='bbox 611 1811 799 1855; x_wconf 90' lang='lat' dir='ltr'><strong>asellum</strong></span> <span class='ocrx_word' id='word_1_210' title='bbox 828 1817 994 1854; x_wconf 91' lang='lat' dir='ltr'><strong>onusto</strong></span> <span class='ocrx_word' id='word_1_211' title='bbox 1022 1809 1173 1853; x_wconf 88' lang='lat' dir='ltr'><strong>currui</strong></span> <span class='ocrx_word' id='word_1_212' title='bbox 1202 1809 1407 1852; x_wconf 91' lang='lat' dir='ltr'><strong>iunctum</strong></span> <span class='ocrx_word' id='word_1_213' title='bbox 1437 1825 1517 1866; x_wconf 90' lang='lat' dir='ltr'><strong>per</strong></span> <span class='ocrx_word' id='word_1_214' title='bbox 1546 1809 1777 1853; x_wconf 90' lang='lat' dir='ltr'><strong>ciuitatem</strong></span> <span class='ocrx_word' id='word_1_215' title='bbox 1805 1824 1958 1867; x_wconf 88' lang='lat' dir='ltr'><strong>agere,</strong></span> 
     </span>
     <span class='ocr_line' id='line_1_28' title="bbox 324 1868 1962 1927; baseline -0.001 -14"><span class='ocrx_word' id='word_1_216' title='bbox 324 1870 422 1914; x_wconf 89' lang='lat' dir='ltr'><strong>aliis</strong></span> <span class='ocrx_word' id='word_1_217' title='bbox 444 1885 526 1927; x_wconf 88' lang='lat' dir='ltr'><strong>pro</strong></span> <span class='ocrx_word' id='word_1_218' title='bbox 543 1869 736 1927; x_wconf 90' lang='lat' dir='ltr'><strong>captiuis</strong></span> <span class='ocrx_word' id='word_1_219' title='bbox 753 1869 1070 1914; x_wconf 88' lang='lat' dir='ltr'><strong>eleemosinam</strong></span> <span class='ocrx_word' id='word_1_220' title='bbox 1089 1876 1257 1925; x_wconf 89' lang='lat' dir='ltr'><strong>petere,</strong></span> <span class='ocrx_word' id='word_1_221' title='bbox 1279 1868 1376 1912; x_wconf 89' lang='lat' dir='ltr'><strong>aliis</strong></span> <span class='ocrx_word' id='word_1_222' title='bbox 1394 1868 1599 1912; x_wconf 90' lang='lat' dir='ltr'><strong>uestibus</strong></span> <span class='ocrx_word' id='word_1_223' title='bbox 1618 1868 1824 1912; x_wconf 89' lang='lat' dir='ltr'><strong>laceratis</strong></span> <span class='ocrx_word' id='word_1_224' title='bbox 1840 1869 1962 1912; x_wconf 90' lang='lat' dir='ltr'><strong>domi</strong></span> 
     </span>
     <span class='ocr_line' id='line_1_29' title="bbox 324 1927 1960 1985; baseline -0.001 -13"><span class='ocrx_word' id='word_1_225' title='bbox 324 1930 405 1982; x_wconf 91' lang='lat' dir='ltr'><strong>uti,</strong></span> <span class='ocrx_word' id='word_1_226' title='bbox 431 1930 530 1973; x_wconf 91' lang='lat' dir='ltr'><strong>aliis</strong></span> <span class='ocrx_word' id='word_1_227' title='bbox 551 1929 766 1973; x_wconf 84' lang='lat' dir='ltr'><strong>exercitia</strong></span> <span class='ocrx_word' id='word_1_228' title='bbox 788 1928 1036 1985; x_wconf 87' lang='lat' dir='ltr'><strong>spiritualia</strong></span> <span class='ocrx_word' id='word_1_229' title='bbox 1057 1928 1226 1982; x_wconf 90' lang='lat' dir='ltr'><strong>subire,</strong></span> <span class='ocrx_word' id='word_1_230' title='bbox 1251 1927 1349 1971; x_wconf 91' lang='lat' dir='ltr'><strong>aliis</strong></span> <span class='ocrx_word' id='word_1_231' title='bbox 1371 1928 1495 1981; x_wconf 89' lang='lat' dir='ltr'><strong>alias,</strong></span> <span class='ocrx_word' id='word_1_232' title='bbox 1516 1942 1569 1971; x_wconf 90' lang='lat' dir='ltr'><strong>ac</strong></span> <span class='ocrx_word' id='word_1_233' title='bbox 1586 1943 1679 1972; x_wconf 93' lang='lat' dir='ltr'><strong>non</strong></span> <span class='ocrx_word' id='word_1_234' title='bbox 1698 1928 1846 1972; x_wconf 90' lang='lat' dir='ltr'><strong>minus</strong></span> <span class='ocrx_word' id='word_1_235' title='bbox 1868 1928 1960 1971; x_wconf 92' lang='lat' dir='ltr'><strong>uti—</strong></span> 
     </span>
     <span class='ocr_line' id='line_1_30' title="bbox 324 1987 1961 2044; baseline 0 -13"><span class='ocrx_word' id='word_1_236' title='bbox 324 1990 388 2033; x_wconf 90' lang='lat' dir='ltr'><strong>les</strong></span> <span class='ocrx_word' id='word_1_237' title='bbox 407 2004 542 2044; x_wconf 90' lang='lat' dir='ltr'><strong>quam</strong></span> <span class='ocrx_word' id='word_1_238' title='bbox 559 1989 926 2032; x_wconf 91' lang='lat' dir='ltr'><strong>accommodatas</strong></span> <span class='ocrx_word' id='word_1_239' title='bbox 943 1987 1314 2031; x_wconf 88' lang='lat' dir='ltr'><strong>mortificationes</strong></span> <span class='ocrx_word' id='word_1_240' title='bbox 1331 1987 1574 2043; x_wconf 89' lang='lat' dir='ltr'><strong>suscipere,</strong></span> <span class='ocrx_word' id='word_1_241' title='bbox 1587 2002 1676 2043; x_wconf 88' lang='lat' dir='ltr'><strong>qua</strong></span> <span class='ocrx_word' id='word_1_242' title='bbox 1693 1987 1739 2030; x_wconf 93' lang='lat' dir='ltr'><strong>in</strong></span> <span class='ocrx_word' id='word_1_243' title='bbox 1750 2001 1798 2030; x_wconf 92' lang='lat' dir='ltr'><strong>re</strong></span> <span class='ocrx_word' id='word_1_244' title='bbox 1815 2001 1961 2043; x_wconf 88' lang='lat' dir='ltr'><strong>usque</strong></span> 
     </span>
     <span class='ocr_line' id='line_1_31' title="bbox 321 2046 1961 2104; baseline -0.001 -12"><span class='ocrx_word' id='word_1_245' title='bbox 321 2063 376 2093; x_wconf 91' lang='lat' dir='ltr'><strong>eo</strong></span> <span class='ocrx_word' id='word_1_246' title='bbox 397 2049 652 2104; x_wconf 86' lang='lat' dir='ltr'><strong>flagrabant</strong></span> <span class='ocrx_word' id='word_1_247' title='bbox 674 2062 847 2100; x_wconf 90' lang='lat' dir='ltr'><strong>omnes,</strong></span> <span class='ocrx_word' id='word_1_248' title='bbox 874 2054 925 2090; x_wconf 93' lang='lat' dir='ltr'><strong>ut</strong></span> <span class='ocrx_word' id='word_1_249' title='bbox 941 2047 1143 2104; x_wconf 86' lang='lat' dir='ltr'><strong>grauiter</strong></span> <span class='ocrx_word' id='word_1_250' title='bbox 1160 2047 1329 2091; x_wconf 90' lang='lat' dir='ltr'><strong>ferrent</strong></span> <span class='ocrx_word' id='word_1_251' title='bbox 1346 2047 1527 2102; x_wconf 90' lang='lat' dir='ltr'><strong>quando</strong></span> <span class='ocrx_word' id='word_1_252' title='bbox 1544 2048 1599 2090; x_wconf 93' lang='lat' dir='ltr'><strong>R.</strong></span> <span class='ocrx_word' id='word_1_253' title='bbox 1623 2049 1675 2090; x_wconf 89' lang='lat' dir='ltr'><strong>P.</strong></span> <span class='ocrx_word' id='word_1_254' title='bbox 1698 2046 1961 2090; x_wconf 89' lang='lat' dir='ltr'><strong>commissa--</strong></span> 
     </span>
     <span class='ocr_line' id='line_1_32' title="bbox 322 2105 1961 2172; baseline 0 -22"><span class='ocrx_word' id='word_1_255' title='bbox 322 2108 416 2151; x_wconf 90' lang='lat' dir='ltr'><strong>rius</strong></span> <span class='ocrx_word' id='word_1_256' title='bbox 439 2107 610 2152; x_wconf 88' lang='lat' dir='ltr'><strong>diceret</strong></span> <span class='ocrx_word' id='word_1_257' title='bbox 630 2108 749 2150; x_wconf 88' lang='lat' dir='ltr'><strong>uelle</strong></span> <span class='ocrx_word' id='word_1_258' title='bbox 771 2122 820 2151; x_wconf 95' lang='lat' dir='ltr'><strong>se</strong></span> <span class='ocrx_word' id='word_1_259' title='bbox 843 2105 1108 2163; x_wconf 88' lang='lat' dir='ltr'><strong>indulgere</strong></span> <span class='ocrx_word' id='word_1_260' title='bbox 1098 2105 1221 2162; x_wconf 80' lang='lat' dir='ltr'><strong>ipsis,</strong></span> <span class='ocrx_word' id='word_1_261' title='bbox 1228 2120 1413 2162; x_wconf 90' lang='lat' dir='ltr'><strong>eosque</strong></span> <span class='ocrx_word' id='word_1_262' title='bbox 1429 2105 1734 2172; x_wconf 83' lang='lat' dir='ltr'><strong>poenitentiis,</strong></span> <span class='ocrx_word' id='word_1_263' title='bbox 1755 2120 1961 2162; x_wconf 88' lang='lat' dir='ltr'><strong>praeser-</strong></span> 
     </span>
     <span class='ocr_line' id='line_1_33' title="bbox 323 2165 1961 2223; baseline -0.001 -14"><span class='ocrx_word' id='word_1_264' title='bbox 323 2167 401 2209; x_wconf 92' lang='lat' dir='ltr'><strong>tim</strong></span> <span class='ocrx_word' id='word_1_265' title='bbox 438 2165 702 2223; x_wconf 91' lang='lat' dir='ltr'><strong>disciplinis,</strong></span> <span class='ocrx_word' id='word_1_266' title='bbox 734 2180 825 2209; x_wconf 93' lang='lat' dir='ltr'><strong>non</strong></span> <span class='ocrx_word' id='word_1_267' title='bbox 854 2180 1071 2221; x_wconf 84' lang='lat' dir='ltr'><strong>grauare,</strong></span> <span class='ocrx_word' id='word_1_268' title='bbox 1103 2166 1224 2220; x_wconf 91' lang='lat' dir='ltr'><strong>quod</strong></span> <span class='ocrx_word' id='word_1_269' title='bbox 1253 2165 1458 2221; x_wconf 87' lang='lat' dir='ltr'><strong>germani</strong></span> <span class='ocrx_word' id='word_1_270' title='bbox 1494 2172 1668 2218; x_wconf 84' lang='lat' dir='ltr'><strong>essent3</strong></span> <span class='ocrx_word' id='word_1_271' title='bbox 1701 2180 1791 2220; x_wconf 93' lang='lat' dir='ltr'><strong>quo</strong></span> <span class='ocrx_word' id='word_1_272' title='bbox 1819 2166 1961 2209; x_wconf 89' lang='lat' dir='ltr'><strong>uerbo</strong></span> 
     </span>
     <span class='ocr_line' id='line_1_34' title="bbox 323 2223 1960 2281; baseline -0.001 -12"><span class='ocrx_word' id='word_1_273' title='bbox 323 2240 480 2269; x_wconf 91' lang='lat' dir='ltr'><strong>omnes</strong></span> <span class='ocrx_word' id='word_1_274' title='bbox 517 2224 754 2278; x_wconf 90' lang='lat' dir='ltr'><strong>commoti,</strong></span> <span class='ocrx_word' id='word_1_275' title='bbox 787 2225 1026 2281; x_wconf 88' lang='lat' dir='ltr'><strong>indignum</strong></span> <span class='ocrx_word' id='word_1_276' title='bbox 1056 2239 1156 2269; x_wconf 87' lang='lat' dir='ltr'><strong>esse</strong></span> <span class='ocrx_word' id='word_1_277' title='bbox 1186 2225 1453 2276; x_wconf 89' lang='lat' dir='ltr'><strong>credebant,</strong></span> <span class='ocrx_word' id='word_1_278' title='bbox 1490 2223 1775 2280; x_wconf 84' lang='lat' dir='ltr'><strong>indulgentia</strong></span> <span class='ocrx_word' id='word_1_279' title='bbox 1805 2238 1960 2268; x_wconf 91' lang='lat' dir='ltr'><strong>secum</strong></span> 
     </span>
     <span class='ocr_line' id='line_1_35' title="bbox 322 2282 1960 2341; baseline -0.001 -13"><span class='ocrx_word' id='word_1_280' title='bbox 322 2285 397 2341; x_wconf 91' lang='lat' dir='ltr'><strong>agi</strong></span> <span class='ocrx_word' id='word_1_281' title='bbox 419 2284 472 2329; x_wconf 84' lang='lat' dir='ltr'><strong>ea</strong></span> <span class='ocrx_word' id='word_1_282' title='bbox 493 2292 637 2341; x_wconf 91' lang='lat' dir='ltr'><strong>parte,</strong></span> <span class='ocrx_word' id='word_1_283' title='bbox 663 2283 768 2340; x_wconf 90' lang='lat' dir='ltr'><strong>quia</strong></span> <span class='ocrx_word' id='word_1_284' title='bbox 790 2285 962 2327; x_wconf 89' lang='lat' dir='ltr'><strong>nollent</strong></span> <span class='ocrx_word' id='word_1_285' title='bbox 985 2283 1120 2327; x_wconf 94' lang='lat' dir='ltr'><strong>ullis</strong></span> <span class='ocrx_word' id='word_1_286' title='bbox 1109 2298 1155 2326; x_wconf 89' lang='lat' dir='ltr'><strong>m</strong></span> <span class='ocrx_word' id='word_1_287' title='bbox 1184 2282 1411 2328; x_wconf 88' lang='lat' dir='ltr'><strong>Societate</strong></span> <span class='ocrx_word' id='word_1_288' title='bbox 1438 2297 1539 2327; x_wconf 91' lang='lat' dir='ltr'><strong>esse</strong></span> <span class='ocrx_word' id='word_1_289' title='bbox 1560 2283 1810 2337; x_wconf 88' lang='lat' dir='ltr'><strong>inferiores;</strong></span> <span class='ocrx_word' id='word_1_290' title='bbox 1846 2297 1960 2339; x_wconf 90' lang='lat' dir='ltr'><strong>qua—</strong></span> 
     </span>
     <span class='ocr_line' id='line_1_36' title="bbox 321 2342 1957 2400; baseline 0.001 -14"><span class='ocrx_word' id='word_1_291' title='bbox 321 2359 385 2397; x_wconf 90' lang='lat' dir='ltr'><strong>re,</strong></span> <span class='ocrx_word' id='word_1_292' title='bbox 417 2343 593 2388; x_wconf 89' lang='lat' dir='ltr'><strong>tametsi</strong></span> <span class='ocrx_word' id='word_1_293' title='bbox 622 2343 791 2400; x_wconf 89' lang='lat' dir='ltr'><strong>singuli</strong></span> <span class='ocrx_word' id='word_1_294' title='bbox 821 2344 973 2399; x_wconf 89' lang='lat' dir='ltr'><strong>plures</strong></span> <span class='ocrx_word' id='word_1_295' title='bbox 1005 2357 1057 2386; x_wconf 91' lang='lat' dir='ltr'><strong>ac</strong></span> <span class='ocrx_word' id='word_1_296' title='bbox 1095 2342 1409 2399; x_wconf 90' lang='lat' dir='ltr'><strong>grauiusculas</strong></span> <span class='ocrx_word' id='word_1_297' title='bbox 1445 2342 1747 2398; x_wconf 90' lang='lat' dir='ltr'><strong>poenitentias</strong></span> <span class='ocrx_word' id='word_1_298' title='bbox 1784 2342 1957 2399; x_wconf 88' lang='lat' dir='ltr'><strong>pridem</strong></span> 
     </span>
     <span class='ocr_line' id='line_1_37' title="bbox 320 2401 1957 2459; baseline -0.001 -13"><span class='ocrx_word' id='word_1_299' title='bbox 320 2403 643 2459; x_wconf 91' lang='lat' dir='ltr'><strong>suscepissent,</strong></span> <span class='ocrx_word' id='word_1_300' title='bbox 670 2409 719 2445; x_wconf 93' lang='lat' dir='ltr'><strong>ut</strong></span> <span class='ocrx_word' id='word_1_301' title='bbox 742 2409 894 2447; x_wconf 89' lang='lat' dir='ltr'><strong>tamen</strong></span> <span class='ocrx_word' id='word_1_302' title='bbox 916 2402 1085 2458; x_wconf 90' lang='lat' dir='ltr'><strong>aliquid</strong></span> <span class='ocrx_word' id='word_1_303' title='bbox 1113 2401 1248 2445; x_wconf 91' lang='lat' dir='ltr'><strong>etiam</strong></span> <span class='ocrx_word' id='word_1_304' title='bbox 1276 2401 1481 2458; x_wconf 88' lang='lat' dir='ltr'><strong>germani</strong></span> <span class='ocrx_word' id='word_1_305' title='bbox 1511 2401 1701 2445; x_wconf 89' lang='lat' dir='ltr'><strong>feruoris</strong></span> <span class='ocrx_word' id='word_1_306' title='bbox 1733 2408 1957 2446; x_wconf 87' lang='lat' dir='ltr'><strong>testaren—</strong></span> 
     </span>
     <span class='ocr_line' id='line_1_38' title="bbox 322 2460 1957 2518; baseline -0.001 -13"><span class='ocrx_word' id='word_1_307' title='bbox 322 2470 411 2516; x_wconf 91' lang='lat' dir='ltr'><strong>tur,</strong></span> <span class='ocrx_word' id='word_1_308' title='bbox 437 2477 527 2517; x_wconf 92' lang='lat' dir='ltr'><strong>quo</strong></span> <span class='ocrx_word' id='word_1_309' title='bbox 556 2461 718 2518; x_wconf 88' lang='lat' dir='ltr'><strong>partim</strong></span> <span class='ocrx_word' id='word_1_310' title='bbox 749 2462 872 2504; x_wconf 89' lang='lat' dir='ltr'><strong>Patri</strong></span> <span class='ocrx_word' id='word_1_311' title='bbox 901 2462 1082 2506; x_wconf 90' lang='lat' dir='ltr'><strong>abunde</strong></span> <span class='ocrx_word' id='word_1_312' title='bbox 1109 2461 1436 2513; x_wconf 88' lang='lat' dir='ltr'><strong>satisfacerent,</strong></span> <span class='ocrx_word' id='word_1_313' title='bbox 1467 2460 1631 2517; x_wconf 91' lang='lat' dir='ltr'><strong>partim</strong></span> <span class='ocrx_word' id='word_1_314' title='bbox 1659 2460 1795 2504; x_wconf 89' lang='lat' dir='ltr'><strong>etiam</strong></span> <span class='ocrx_word' id='word_1_315' title='bbox 1823 2474 1872 2504; x_wconf 88' lang='lat' dir='ltr'><strong>se</strong></span> <span class='ocrx_word' id='word_1_316' title='bbox 1900 2461 1957 2504; x_wconf 90' lang='lat' dir='ltr'><strong>ad</strong></span> 
     </span>
     <span class='ocr_line' id='line_1_39' title="bbox 250 2519 1956 2578; baseline -0.001 -14"><span class='ocrx_word' id='word_1_317' title='bbox 250 2572 260 2578; x_wconf 58' lang='lat'><em>„</em></span> <span class='ocrx_word' id='word_1_318' title='bbox 321 2529 530 2564; x_wconf 91' lang='lat' dir='ltr'><strong>votorum</strong></span> <span class='ocrx_word' id='word_1_319' title='bbox 554 2520 895 2566; x_wconf 90' lang='lat' dir='ltr'><strong>renouationem</strong></span> <span class='ocrx_word' id='word_1_320' title='bbox 917 2520 1078 2565; x_wconf 90' lang='lat' dir='ltr'><strong>melius</strong></span> <span class='ocrx_word' id='word_1_321' title='bbox 1100 2526 1434 2576; x_wconf 88' lang='lat' dir='ltr'><strong>praepararent,</strong></span> <span class='ocrx_word' id='word_1_322' title='bbox 1459 2521 1668 2564; x_wconf 88' lang='lat' dir='ltr'><strong>confecto</strong></span> <span class='ocrx_word' id='word_1_323' title='bbox 1697 2534 1800 2563; x_wconf 88' lang='lat' dir='ltr'><strong>cum</strong></span> <span class='ocrx_word' id='word_1_324' title='bbox 1822 2519 1956 2563; x_wconf 91' lang='lat' dir='ltr'><strong>noui—</strong></span> 
     </span>
     <span class='ocr_line' id='line_1_40' title="bbox 322 2578 1955 2637; baseline -0.001 -14"><span class='ocrx_word' id='word_1_325' title='bbox 322 2580 486 2623; x_wconf 88' lang='lat' dir='ltr'><strong>tiorum</strong></span> <span class='ocrx_word' id='word_1_326' title='bbox 511 2588 607 2623; x_wconf 92' lang='lat' dir='ltr'><strong>tum</strong></span> <span class='ocrx_word' id='word_1_327' title='bbox 632 2581 819 2623; x_wconf 85' lang='lat' dir='ltr'><strong>fratrum</strong></span> <span class='ocrx_word' id='word_1_328' title='bbox 848 2581 986 2637; x_wconf 91' lang='lat' dir='ltr'><strong>longo</strong></span> <span class='ocrx_word' id='word_1_329' title='bbox 1007 2580 1231 2636; x_wconf 92' lang='lat' dir='ltr'><strong>catalogo,</strong></span> <span class='ocrx_word' id='word_1_330' title='bbox 1268 2593 1460 2634; x_wconf 91' lang='lat' dir='ltr'><strong>quorum</strong></span> <span class='ocrx_word' id='word_1_331' title='bbox 1488 2579 1657 2635; x_wconf 90' lang='lat' dir='ltr'><strong>singuli</strong></span> <span class='ocrx_word' id='word_1_332' title='bbox 1687 2578 1955 2636; x_wconf 90' lang='lat' dir='ltr'><strong>flagellatio-</strong></span> 
     </span>
     <span class='ocr_line' id='line_1_41' title="bbox 322 2638 1955 2696; baseline -0.001 -14"><span class='ocrx_word' id='word_1_333' title='bbox 322 2654 402 2683; x_wconf 91' lang='lat' dir='ltr'><strong>nes</strong></span> <span class='ocrx_word' id='word_1_334' title='bbox 424 2646 646 2696; x_wconf 84' lang='lat' dir='ltr'><strong>peterent,</strong></span> <span class='ocrx_word' id='word_1_335' title='bbox 669 2641 849 2683; x_wconf 87' lang='lat' dir='ltr'><strong>Patrem</strong></span> <span class='ocrx_word' id='word_1_336' title='bbox 867 2640 1052 2693; x_wconf 90' lang='lat' dir='ltr'><strong>adeunt,</strong></span> <span class='ocrx_word' id='word_1_337' title='bbox 1073 2653 1125 2682; x_wconf 89' lang='lat' dir='ltr'><strong>ac</strong></span> <span class='ocrx_word' id='word_1_338' title='bbox 1143 2645 1319 2682; x_wconf 89' lang='lat' dir='ltr'><strong>tantum</strong></span> <span class='ocrx_word' id='word_1_339' title='bbox 1337 2645 1516 2694; x_wconf 88' lang='lat' dir='ltr'><strong>rogant,</strong></span> <span class='ocrx_word' id='word_1_340' title='bbox 1539 2646 1588 2680; x_wconf 93' lang='lat' dir='ltr'><strong>ut</strong></span> <span class='ocrx_word' id='word_1_341' title='bbox 1604 2638 1701 2694; x_wconf 94' lang='lat' dir='ltr'><strong>ipse</strong></span> <span class='ocrx_word' id='word_1_342' title='bbox 1722 2653 1814 2682; x_wconf 90' lang='lat' dir='ltr'><strong>non</strong></span> <span class='ocrx_word' id='word_1_343' title='bbox 1831 2644 1922 2681; x_wconf 88' lang='lat' dir='ltr'><strong>tam</strong></span> <span class='ocrx_word' id='word_1_344' title='bbox 1944 2639 1955 2660; x_wconf 86' lang='lat'>¹</span> 
     </span>
     <span class='ocr_line' id='line_1_42' title="bbox 322 2697 1954 2755; baseline -0.001 -14"><span class='ocrx_word' id='word_1_345' title='bbox 322 2698 608 2755; x_wconf 89' lang='lat' dir='ltr'><strong>indulgentia</strong></span> <span class='ocrx_word' id='word_1_346' title='bbox 636 2697 827 2754; x_wconf 86' lang='lat' dir='ltr'><strong>amplius</strong></span> <span class='ocrx_word' id='word_1_347' title='bbox 855 2697 1116 2752; x_wconf 87' lang='lat' dir='ltr'><strong>conniuere,</strong></span> <span class='ocrx_word' id='word_1_348' title='bbox 1149 2712 1301 2753; x_wconf 82' lang='lat' dir='ltr'><strong>quarn,</strong></span> <span class='ocrx_word' id='word_1_349' title='bbox 1333 2698 1454 2753; x_wconf 85' lang='lat' dir='ltr'><strong>quod</strong></span> <span class='ocrx_word' id='word_1_350' title='bbox 1484 2697 1671 2740; x_wconf 88' lang='lat' dir='ltr'><strong>nimium</strong></span> <span class='ocrx_word' id='word_1_351' title='bbox 1709 2703 1954 2754; x_wconf 89' lang='lat' dir='ltr'><strong>peteretur,</strong></span> 
     </span>
     <span class='ocr_line' id='line_1_43' title="bbox 322 2756 998 2813; baseline -0.002 -13"><span class='ocrx_word' id='word_1_352' title='bbox 322 2772 532 2802; x_wconf 89' lang='lat' dir='ltr'><strong>recusare</strong></span> <span class='ocrx_word' id='word_1_353' title='bbox 555 2757 704 2813; x_wconf 91' lang='lat' dir='ltr'><strong>potius</strong></span> <span class='ocrx_word' id='word_1_354' title='bbox 733 2756 998 2800; x_wconf 90' lang='lat' dir='ltr'><strong>uideretur..</strong></span> 
     </span>
     <span class='ocr_line' id='line_1_44' title="bbox 457 2813 1959 2882; baseline -0.002 -21.931"><span class='ocrx_word' id='word_1_355' title='bbox 457 2819 527 2860; x_wconf 92' lang='lat' dir='ltr'>F</span> <span class='ocrx_word' id='word_1_356' title='bbox 530 2823 631 2860; x_wconf 88' lang='lat' dir='ltr'><strong>acta</strong></span> <span class='ocrx_word' id='word_1_357' title='bbox 653 2816 787 2861; x_wconf 87' lang='lat' dir='ltr'><strong>etiam</strong></span> <span class='ocrx_word' id='word_1_358' title='bbox 810 2816 897 2859; x_wconf 87' lang='lat' dir='ltr'><strong>illis</strong></span> <span class='ocrx_word' id='word_1_359' title='bbox 917 2815 1144 2874; x_wconf 88' lang='lat' dir='ltr'><strong>[externis]</strong></span> <span class='ocrx_word' id='word_1_360' title='bbox 1170 2829 1336 2882; x_wconf 80' lang='lat' dir='ltr'><strong>magna</strong></span> <span class='ocrx_word' id='word_1_361' title='bbox 1358 2815 1529 2857; x_wconf 92' lang='lat' dir='ltr'><strong>cumuli</strong></span> <span class='ocrx_word' id='word_1_362' title='bbox 1550 2813 1730 2858; x_wconf 89' lang='lat' dir='ltr'><strong>maioris</strong></span> <span class='ocrx_word' id='word_1_363' title='bbox 1751 2814 1959 2859; x_wconf 87' lang='lat' dir='ltr'><strong>deuotio—</strong></span> 
     </span>
     <span class='ocr_line' id='line_1_45' title="bbox 323 2872 1958 2930; baseline -0.002 -12"><span class='ocrx_word' id='word_1_364' title='bbox 323 2872 394 2919; x_wconf 93' lang='lat' dir='ltr'><strong>nis</strong></span> <span class='ocrx_word' id='word_1_365' title='bbox 415 2876 614 2920; x_wconf 88' lang='lat' dir='ltr'><strong>accessio</strong></span> <span class='ocrx_word' id='word_1_366' title='bbox 635 2882 720 2929; x_wconf 89' lang='lat' dir='ltr'><strong>est,</strong></span> <span class='ocrx_word' id='word_1_367' title='bbox 742 2876 862 2930; x_wconf 88' lang='lat' dir='ltr'><strong>quod</strong></span> <span class='ocrx_word' id='word_1_368' title='bbox 880 2877 931 2919; x_wconf 88' lang='lat' dir='ltr'><strong>R.</strong></span> <span class='ocrx_word' id='word_1_369' title='bbox 951 2877 1004 2919; x_wconf 94' lang='lat' dir='ltr'><strong>P.</strong></span> <span class='ocrx_word' id='word_1_370' title='bbox 1026 2874 1359 2918; x_wconf 90' lang='lat' dir='ltr'><strong>commissarius</strong></span> <span class='ocrx_word' id='word_1_371' title='bbox 1381 2875 1654 2927; x_wconf 86' lang='lat' dir='ltr'><strong>mandasset,</strong></span> <span class='ocrx_word' id='word_1_372' title='bbox 1675 2873 1847 2916; x_wconf 91' lang='lat' dir='ltr'><strong>romani</strong></span> <span class='ocrx_word' id='word_1_373' title='bbox 1863 2874 1958 2917; x_wconf 88' lang='lat' dir='ltr'><strong>col-</strong></span> 
     </span>
     <span class='ocr_line' id='line_1_46' title="bbox 324 2909 1957 2991; baseline 0 -15"><span class='ocrx_word' id='word_1_374' title='bbox 324 2934 433 2991; x_wconf 88' lang='lat' dir='ltr'><strong>legii</strong></span> <span class='ocrx_word' id='word_1_375' title='bbox 451 2949 590 2988; x_wconf 89' lang='lat' dir='ltr'><strong>more,</strong></span> <span class='ocrx_word' id='word_1_376' title='bbox 606 2909 805 2978; x_wconf 89' lang='lat' dir='ltr'><strong>officium</strong></span> <span class='ocrx_word' id='word_1_377' title='bbox 823 2935 1132 2978; x_wconf 90' lang='lat' dir='ltr'><strong>hebdomadae</strong></span> <span class='ocrx_word' id='word_1_378' title='bbox 1149 2940 1305 2978; x_wconf 89' lang='lat' dir='ltr'><strong>sancte</strong></span> <span class='ocrx_word' id='word_1_379' title='bbox 1321 2933 1590 2977; x_wconf 88' lang='lat' dir='ltr'><strong>suauissima</strong></span> <span class='ocrx_word' id='word_1_380' title='bbox 1605 2931 1957 2990; x_wconf 91' lang='lat' dir='ltr'><strong>appositissima-</strong></span> 
     </span>
    </p>
   </div>
   <div class='ocr_carea' id='block_1_4' title="bbox 396 3063 1312 3112">
    <p class='ocr_par' dir='ltr' id='par_1_6' title="bbox 396 3063 1312 3112">
     <span class='ocr_line' id='line_1_47' title="bbox 396 3063 1312 3112; baseline -0.001 -12"><span class='ocrx_word' id='word_1_381' title='bbox 396 3063 409 3085; x_wconf 86' lang='lat'>¹</span> <span class='ocrx_word' id='word_1_382' title='bbox 457 3065 565 3100; x_wconf 87' lang='lat' dir='ltr'><strong>Haec</strong></span> <span class='ocrx_word' id='word_1_383' title='bbox 584 3064 772 3112; x_wconf 84' lang='lat' dir='ltr'><strong>particula</strong></span> <span class='ocrx_word' id='word_1_384' title='bbox 790 3064 920 3100; x_wconf 87' lang='lat' dir='ltr'><strong>addita</strong></span> <span class='ocrx_word' id='word_1_385' title='bbox 938 3064 1012 3100; x_wconf 88' lang='lat' dir='ltr'><strong>fuit</strong></span> <span class='ocrx_word' id='word_1_386' title='bbox 1029 3076 1051 3100; x_wconf 90' lang='lat' dir='ltr'><strong>a</strong></span> <span class='ocrx_word' id='word_1_387' title='bbox 1065 3065 1108 3100; x_wconf 91' lang='lat' dir='ltr'><strong>P.</strong></span> <span class='ocrx_word' id='word_1_388' title='bbox 1130 3064 1312 3100; x_wconf 89' lang='lat' dir='ltr'><strong>Polanco.</strong></span> 
     </span>
    </p>
   </div>
   <div class='ocr_carea' id='block_1_5' title="bbox 2136 2438 2196 3522">
    <p class='ocr_par' dir='ltr' id='par_1_7' title="bbox 2136 2438 2196 3522">
     <span class='ocr_line' id='line_1_48' title="bbox 2136 2438 2196 3522; baseline 0 0"><span class='ocrx_word' id='word_1_389' title='bbox 2136 2438 2196 3522; x_wconf 95' lang='lat' dir='ltr'><strong> </strong></span> 
     </span>
    </p>
   </div>
  </div>
 </body>
</html>
