2196 3522
285 251 354 296 548
767 233 769 237 .
904 250 1046 286 Eprs'r.
1078 249 1126 285 Ρ.
1159 249 1310 286 NADAL

280 350 609 416 magisterium,
635 355 681 392 et
702 363 859 394 sacrae
882 349 1143 416 theologiae
1165 364 1348 406 operam
1369 327 1479 396 dare
1500 364 1752 408 coeperam,
1772 352 1920 410 magis

282 419 432 454 tamen
454 408 639 464 linguis.
667 409 708 451 8.
737 408 975 452 Omnino'
964 424 1010 451 m
1026 409 1238 452 omnibus
1255 410 1400 452 stabo,
1421 424 1464 467 9.
1485 410 1759 455 Sanissimus
1775 426 1914 456 eram.
1982 462 1985 466 ,

289 483 352 513 Io.
376 469 512 512 Nulla
529 467 727 510 omnino.
755 480 822 512 12.
849 470 1019 512 Decem
1040 476 1174 512 erunt
1196 468 1302 511 anni
1322 468 1369 511 in
1387 469 1503 513 festo
1513 470 1717 514 omniurn
1736 478 1918 515 sancto-

283 542 399 580 rum,
426 528 547 582 quod
570 526 788 571 Coloniae
811 534 1021 583 receptus
1044 527 1206 572 fuerim
1229 542 1255 570 a
1277 529 1332 571 R.
1360 530 1412 571 P.
1449 529 1724 573 Leonardo
1712 545 1757 573 1n
1780 531 1917 574 domo

282 588 379 630 eius
417 587 538 642 apud
574 588 632 630 D.
667 587 896 630 Vrsulam.
929 586 1223 630 Examinatus
1251 587 1432 642 quidem
1460 594 1570 630 tunc
1600 603 1692 631 non
1718 589 1805 642 fui,
1837 591 1917 633 sed

283 649 468 698 Romae,
495 660 586 700 quo
610 644 714 688 veni
736 660 855 688 anno
878 656 987 700 1553
1005 645 1051 688 in
1070 646 1208 690 Maio.
1235 659 1301 701 13.
1323 646 1443 690 Feci.
1472 659 1538 701 14.
1559 648 1781 692 Sacerdos
1796 663 1912 693 sum.

289 717 355 760 15.
383 707 551 748 Rornae
570 703 762 749 triennio
780 705 998 757 habitaui,
1019 705 1238 749 Coloniae
1253 705 1426 761 reliquo
1445 713 1661 762 tempore.
1688 707 1754 750 16.
1775 709 1917 752 Exer-

282 765 388 808 citia
413 764 497 807 feci
520 779 599 820 per
627 779 844 816 mensem,
878 777 963 807 2.m
993 771 1039 807 et
1068 777 1153 819 3.m
1186 779 1278 808 non
1309 764 1412 818 feci,
1436 765 1619 819 4.mfeci
1648 767 1819 811 Romae
1838 781 1918 824 per
2089 814 2092 817 ,

283 833 375 867 tres
397 837 591 867 menses.
619 822 708 866 Hic
730 824 872 867 doceo
895 824 1221 868 catechismum
1244 824 1492 867 sabbatinis
1514 831 1560 869 et
1581 824 1720 868 sacris
1742 825 1917 870 diebus.
2159 867 2162 872 ,
2186 835 2196 852 ”

282 885 386 927 Non
407 882 706 926 concionatus
729 897 846 935 sum,
871 884 951 927 sed
974 883 1286 928 confessiones
1309 883 1443 926 audio
1465 890 1721 947 nostrorum
1744 885 1920 928 studio-

282 957 454 986 sorum.
488 953 554 995 17.
583 942 685 986 Alia
707 957 798 985 non
821 941 914 985 scio
937 957 1009 986 me
1040 942 1216 996 fecisse,
1249 942 1334 986 nisi
1357 944 1481 998 quod
1502 941 1582 999 per'
1603 958 1682 988 sex
1711 959 1853 990 annos
1875 951 1921 989 et

284 1002 478 1057 amplius
507 1001 580 1043 hic
608 1001 854 1045 docuerim.
894 1003 960 1044 18.
992 1001 1099 1044 Feci
1127 1009 1234 1044 vota
1262 1002 1501 1046 Societatis
1527 1002 1814 1046 scholarium.
1849 1015 1916 1061 19.

287 1064 414 1104 Bona
436 1060 612 1116 propria
633 1061 758 1103 nulla
778 1061 940 1104 habeo:
967 1062 1148 1115 quando
1170 1069 1295 1117 pater
1316 1061 1447 1115 viuit,
1467 1061 1632 1114 omnia,
1658 1069 1708 1104 vt
1723 1062 1917 1115 videtur,

285 1128 393 1163 sunt
416 1119 463 1162 in
485 1119 583 1163 eius
606 1126 843 1175 potestate.
872 1132 941 1163 20.
972 1122 1097 1163 Bona
1127 1120 1400 1164 valetudine:
1432 1128 1537 1164 ante
1564 1120 1796 1164 biennium
1818 1135 1919 1165 sca-

285 1180 359 1224 bie
382 1187 572 1223 vexatus
595 1194 710 1222 sum.
745 1192 816 1222 21.
852 1181 1050 1222 Paruum
1072 1194 1261 1223 examen
1284 1179 1523 1224 Societatis
1545 1195 1635 1223 non
1657 1172 1915 1235 habuimus,

287 1238 373 1281 nisi
396 1239 442 1281 in
471 1237 725 1293 Septembri
753 1239 1066 1294 praecedentis
1092 1238 1214 1281 anni.
1247 1240 1411 1283 Nullus
1442 1254 1515 1283 me
1542 1254 1596 1282 eo
1624 1240 1915 1293 examinauit,

285 1300 366 1342 sed
387 1312 474 1354 ego
492 1297 618 1340 alios.
640 1297 984 1342 Confessionem
1003 1299 1261 1354 generalem
1279 1298 1472 1355 singulis
1488 1313 1567 1342 sex
1584 1299 1816 1343 mensibus
1834 1299 1920 1343 feci

289 1360 340 1401 R.
378 1360 428 1400 Ρ.
463 1357 720 1409 Leonardo,
753 1357 830 1412 qui
860 1357 991 1400 aliam
1020 1357 1241 1402 rationem
1272 1372 1363 1400 non
1393 1357 1565 1414 cupiuit
1587 1373 1613 1401 a
1647 1373 1718 1401 me
1746 1358 1917 1402 audire.

290 1430 359 1460 22.
386 1417 615 1459 Constans
643 1431 742 1459 sum
766 1430 870 1459 cum
899 1416 1044 1472 gratia
1075 1417 1182 1470 Dei,
1214 1431 1296 1473 pro
1324 1416 1564 1461 Societatis
1596 1417 1787 1462 Vtilitate
1809 1416 1923 1460 mori

288 1483 487 1532 paratus.
516 1488 586 1530 23.
613 1475 883 1519 Indifferens
911 1477 967 1518 ad
995 1476 1159 1520 omnia.
1197 1489 1267 1530 24.
1301 1476 1515 1520 Libenter
1542 1477 1705 1530 doce0;
1732 1477 1923 1520 libenter

288 1535 595 1586 concionarer,
621 1534 659 1577 si
681 1534 884 1590 linguam
902 1535 1130 1578 haberem.
1153 1535 1307 1578 Patria
1322 1535 1478 1591 lingua
1492 1569 1501 1587 ,
1522 1543 1570 1578 vt
1593 1535 1702 1578 mihi
1726 1536 1921 1590 videtur,

289 1596 501 1637 haberem
525 1593 715 1650 gratiam
744 1594 885 1637 verbi.
919 1595 1051 1637 Hanc
1079 1595 1282 1651 linguam
1311 1595 1614 1651 germanicam
1643 1595 1923 1652 superiorem

287 1654 363 1696 vix
386 1668 569 1708 possum
592 1653 780 1697 discere.

380 1714 469 1755 Pro
487 1711 781 1757 scholasticis.
810 1725 844 1755 1.
865 1713 938 1755 Ab
956 1712 1142 1756 ineunte
1164 1719 1312 1756 aetate
1333 1712 1380 1755 in
1397 1713 1557 1768 studijs
1574 1714 1794 1757 educatus
1809 1728 1920 1756 sum.

293 1771 628 1827 Philosophiam
653 1771 842 1815 Louanii
873 1786 952 1827 per
984 1773 1098 1814 duos
1122 1787 1265 1815 annos
1292 1787 1397 1815 cum
1430 1772 1615 1815 dimidio
1642 1772 1820 1816 circiter
1841 1787 1925 1816 au-

290 1831 398 1874 diui.
427 1831 642 1874 Interim
632 1846 679 1873 m
702 1830 945 1885 Societate‚
972 1831 1132 1886 partim
1158 1831 1412 1888 theologiae
1434 1832 1587 1875 studui
1610 1834 1795 1884 Romae,
1820 1847 1924 1888 par

290 1890 369 1932 tim
389 1890 462 1932 hic
480 1890 710 1933 Coloniae:
732 1890 865 1934 etiam
884 1866 1017 1933 do'cui
1036 1897 1130 1933 toto
1148 1898 1365 1945 tempore,
1379 1905 1470 1946 quo
1487 1890 1561 1933 hic
1575 1891 1760 1942 fuimus,
1779 1905 1924 1946 usque

290 1950 345 1993 ad
370 1949 569 2004 pascha'
558 1964 645 1992 lam
675 1950 891 2004 elapsum.
929 1962 969 1992 2
1003 1944 1119 1993 Cum
1149 1949 1300 1992 studio
1327 1950 1479 1993 sanior
1506 1965 1629 2002 sum,
1661 1965 1796 2006 quam
1817 1951 1924 1993 dum

290 2009 427 2052 ocior.
456 2022 495 2063 3.
519 2008 732 2052 Libenter
748 2010 909 2052 studeo
926 2023 1082 2052 sacrae
1099 2009 1369 2065 theologiae.
1393 2009 1595 2065 Linguas
1613 2016 1764 2053 tamen
1778 2009 1926 2052 liben-

292 2068 462 2113 tissime
491 2067 792 2119 addiscerem
828 2068 933 2122 quia
962 2069 1255 2111 fundamenta
1284 2083 1476 2125 graecae
1504 2076 1548 2111 et
1577 2068 1816 2112 hebraicae
1844 2067 1927 2111 ali-

291 2128 472 2183 quando
494 2127 608 2182 cepi,
636 2127 800 2182 quibus
824 2128 916 2169 fere
938 2141 1017 2182 per
1038 2127 1270 2171 biennium
1294 2127 1447 2171 studui
1470 2135 1575 2171 ante
1601 2126 1867 2172 Societatis
1856 2142 1928 2169 1n-

293 2201 517 2252 gressum.
550 2199 592 2239 4.
625 2188 695 2229 De
723 2186 936 2229 memoria
966 2201 1055 2229 non
1086 2187 1278 2229 multum
1313 2186 1463 2231 dicere
1490 2201 1694 2242 possum3
1726 2195 1927 2230 ceterum

293 2222 469 2288 facilius
491 2244 647 2289 videor
669 2246 1008 2301 apprehendere
1029 2252 1075 2288 et
1095 2245 1364 2302 intelligere.
1399 2256 1440 2300 5.
1473 2247 1523 2288 In
1551 2245 1832 2301 philosophia
1858 2244 1927 2287 vi-

292 2305 402 2349 deor
420 2304 529 2346 mihi
551 2304 830 2359 aliquantum
854 2304 1134 2359 promouisse
1155 2306 1378 2358 docendo;
1403 2305 1448 2347 in
1472 2305 1728 2361 theologia
1717 2320 1806 2360 jam
1822 2319 1928 2360 pro-

293 2378 457 2407 moueo
480 2363 695 2418 quotidie.
722 2364 759 2406 6.
786 2364 837 2405 In
859 2364 1031 2407 artibus
1053 2364 1232 2419 suscepi
1253 2363 1566 2420 magisterium
1597 2363 1784 2419 Louanij
1808 2377 1928 2406 anno

296 2435 367 2477 513
390 2422 606 2466 Coloniae
626 2423 909 2465 doctoratum
934 2423 979 2465 in
1004 2423 1231 2479 theologia
1254 2438 1372 2466 anno
1390 2424 1461 2466 60.
1484 2434 1525 2477 7.
1546 2423 1810 2479 indifferens
1827 2437 1928 2465 sum

294 2482 350 2524 ad
374 2482 536 2524 omnia.
565 2482 606 2524 8.
634 2480 860 2525 Omnibus
882 2481 936 2537 ijs
959 2484 1095 2526 rebus
1117 2497 1298 2538 operam
1321 2483 1454 2534 dabo,
1480 2496 1596 2537 quae
1618 2481 1927 2538 superioribus

295 2542 488 2597 placent.
526 2555 570 2597 9.
610 2542 710 2597 Ego
739 2541 796 2583 ad
834 2541 983 2584 omnia
1020 2556 1092 2584 me
1127 2548 1342 2597 paratum·
1371 2541 1517 2585 sentio
1553 2541 1599 2584 in
1631 2540 1925 2593 conscientia,

295 2600 430 2644 etiam
459 2601 622 2643 docere
651 2614 728 2655 per
756 2614 935 2643 omnem
965 2615 1110 2644 meam
1140 2601 1277 2643 vitam
1301 2600 1347 2643 in
1369 2601 1524 2643 infima
1549 2601 1693 2644 classe
1715 2601 1930 2656 alphabe-

296 2667 407 2702 tum.
435 2660 470 2702 F
474 2658 706 2702 ranciscus
730 2659 963 2702 Costerus.

388 2720 477 2761 Pro
501 2717 742 2772 magistris.
782 2731 818 2760 1.
854 2720 1007 2762 Doceo
1041 2718 1316 2774 theologiam
1346 2725 1525 2761 nostros
1552 2725 1855 2773 preceptores,
1887 2723 1932 2760 et

297 2777 549 2820 sabbatinis
573 2777 790 2832 festisque
811 2776 972 2826 diebus
994 2777 1235 2821 lectionem
1259 2777 1375 2820 facio
1397 2776 1532 2820 trium
1555 2776 1765 2819 classium
1795 2774 1927 2819 disci-

297 2836 416 2891 pulis
439 2836 485 2879 in
509 2836 784 2880 catechismo
808 2836 973 2880 maiore
996 2836 1197 2892 Canysij,
1223 2836 1360 2891 idque
1382 2851 1407 2879 a
1430 2837 1545 2879 festo
1567 2835 1808 2891 paschatis.
1831 2835 1931 2878 An-

299 2903 372 2938 tea
394 2910 573 2950 semper
590 2894 724 2938 docui
741 2894 1087 2951 philosophiam.
1110 2908 1155 2938 2.
1185 2895 1352 2939 Videor
1369 2894 1479 2937 mihi
1495 2894 1780 2938 mediocriter
1796 2899 1930 2949 aptus

298 2955 354 2996 ad
377 2955 650 3007 docendum,
677 2962 723 2999 et
745 2953 891 3009 aptior
918 2968 1063 2998 essem
1091 2954 1128 2997 si
1156 2954 1397 3010 diligenter
1423 2967 1496 2997 me
1522 2953 1571 2995 in
1602 2953 1772 3009 linguis
1799 2966 1929 2996 exer—

295 3012 508 3067 cuissem,
549 3014 684 3057 etiam
722 3013 876 3056 latina.
918 3012 1140 3070 Discipuli
1175 3013 1261 3056 visi
1297 3020 1404 3056 sunt
1439 3013 1525 3056 sub
1562 3026 1634 3055 me
1662 3010 1923 3067 profecisse.
