2196 3522
903 271 926 308 7
951 259 1170 300 Ocronms
1198 260 1290 306 1562
1602 277 1607 282 -
1850 270 1868 297 1
1878 261 1923 298 13

268 362 519 421 guntinum
550 378 632 421 per
669 365 733 409 M.
769 364 1064 410 Homerolum
1107 364 1138 418 ¹,
1173 363 1401 421 respondi,
1441 364 1563 420 quod
1600 363 1823 408 attinebat
1860 365 1921 408 ad

272 442 333 485 M.
350 442 607 499 Johannem
630 441 888 485 Dionisium
911 442 945 496 ³,
976 455 1110 498 posse
1137 440 1266 484 illum
1294 440 1435 484 sacris
1462 439 1700 484 ordinibus
1727 439 1913 494 initiari,

268 517 310 560 si
331 517 395 562 ita
414 517 547 561 vobis
567 518 718 562 visum
741 519 892 564 fuerit.

361 607 404 638 2.
470 595 621 639 Hodie
643 595 898 653 Herbipoli,
923 610 1014 652 quo
1042 594 1165 647 veni,
1195 601 1245 638 vt
1276 595 1335 639 de
1365 594 1560 651 collegio
1590 594 1665 639 hic
1693 594 1916 653 erigendo

266 685 457 728 agerem
478 686 583 716 cum
605 674 736 717 Rmo.
761 671 1068 730 herbipolensi
1090 673 1124 725 ³,
1149 670 1376 715 succurrit
1396 678 1447 714 vt
1467 671 1713 717 scriberem
1730 673 1917 717 consul-

268 755 368 791 tum
391 749 503 802 fore,
529 748 567 793 si
584 749 696 793 illud
713 750 851 807 (quod
867 763 957 807 ego
973 748 1105 792 vobis
1120 747 1499 806 praescripseram
1516 749 1574 793 de
1591 749 1915 794 constituendo

263 833 562 881 procuratore
582 827 765 880 bursae,
791 826 869 883 qui
891 825 990 871 eius
1011 825 1196 870 nomine
1217 823 1440 882 exigeret,
1466 839 1583 881 quae
1611 826 1754 870 nostri
1781 842 1915 884 prae—

264 909 479 959 ceptores
502 904 712 948 solebant
733 903 918 961 exigere
938 904 1012 947 vel
1039 902 1278 959 accipere),
1309 902 1568 947 executioni
1596 917 1690 946 non
1716 905 1910 950 mande·

262 986 359 1033 tur,
384 980 423 1023 si
444 979 533 1023 iam
557 988 708 1024 actum
731 995 823 1024 non
844 979 920 1034 sit;
944 993 1105 1026 vereor
1125 979 1247 1024 enim
1268 993 1328 1024 ne
1348 980 1437 1022 hoc
1460 986 1663 1037 tempore
1690 980 1803 1024 illud
1830 996 1913 1026 ex-

260 1055 376 1100 citet
397 1056 568 1113 aliquid
589 1057 772 1114 majoris
793 1056 1080 1111 turbationis3
1105 1057 1187 1102 sed
1203 1064 1356 1100 tamen
1370 1055 1418 1100 id
1433 1062 1581 1100 totum
1597 1057 1806 1113 relinquo
1824 1065 1905 1102 tuo

261 1132 451 1188 iudicio,
470 1134 691 1179 consultis
707 1134 814 1188 tuis,
834 1140 885 1177 vt
905 1134 1040 1187 soles,
1065 1140 1131 1187 vt,
1155 1134 1231 1178 vel
1246 1132 1472 1177 mandetis
1488 1134 1765 1188 executioni,
1785 1134 1823 1179 si
1839 1135 1911 1178 vi-

261 1210 444 1266 deatur,
468 1212 543 1257 vel
563 1212 878 1258 executionem
900 1210 1224 1256 intermittatis.

360 1301 402 1344 3.
460 1290 562 1347 Jam
585 1289 848 1346 scripsimus
869 1289 1006 1347 (quod
1028 1287 1166 1333 etiam
1187 1287 1465 1332 intellexeris
1485 1303 1567 1346 per
1590 1290 1774 1333 Patrem
1801 1304 1906 1347 pro-

258 1364 520 1423 vincialem)
543 1365 722 1411 dedisse
743 1381 818 1411 me
839 1366 1081 1411 Theodoro
1104 1367 1256 1411 Buseo
1277 1372 1325 1411 et
1339 1365 1539 1424 Johanni
1555 1365 1697 1410 Fabio
1714 1366 1730 1388 ⁴
1746 1381 1804 1411 ex
1821 1366 1910 1411 illis

258 1473 412 1520 templo
429 1477 471 1508 et
488 1473 544 1509 ibi
561 1478 848 1509 sacramentum
863 1472 1180 1510 administremus
1194 1472 1320 1509 tribus
1334 1471 1528 1520 personis,
1543 1484 1643 1521 quae
1658 1473 1706 1509 ad
1721 1474 1911 1521 templum

256 1531 360 1568 illud
377 1531 592 1579 pertinent,
610 1544 690 1569 non
708 1544 802 1569 vero
820 1532 927 1569 aliis.
950 1533 1060 1569 Haec
1078 1544 1127 1568 ex
1146 1543 1214 1568 ore
1231 1532 1455 1569 abbatissae
1470 1531 1739 1568 intelleximus
1753 1538 1794 1569 et
1808 1544 1910 1581 quae

261 1596 501 1639 sequuntur.
525 1592 745 1629 Videbatur
761 1593 838 1629 sibi
855 1592 1096 1640 exprobrari,
1114 1591 1218 1640 quod
1235 1603 1308 1628 nos
1325 1591 1366 1628 in
1379 1593 1570 1640 templum
1588 1592 1826 1639 introducat,
1839 1604 1912 1629 nos

255 1655 395 1686 autem
413 1652 487 1687 hoc
505 1651 648 1699 moliri,
667 1657 711 1688 ut
728 1657 853 1688 totum
871 1652 1030 1688 tandem
1049 1663 1302 1699 occupemus,
1320 1657 1361 1687 et
1380 1651 1569 1688 comitum
1592 1651 1708 1697 filias,
1733 1662 1803 1698 pro
1826 1651 1910 1699 qui-

261 1711 335 1746 bus
358 1709 566 1747 fundatum
591 1717 666 1758 est,
694 1713 767 1748 hac
791 1711 1070 1748 commoditate
1095 1710 1342 1759 privemus...
1367 1712 1418 1747 Et
1443 1712 1601 1760 saepius
1628 1711 1802 1759 repetiit:
1830 1723 1910 1747 non

255 1769 502 1806 concedetur
518 1772 583 1807 vel
601 1771 832 1808 conceditur
849 1771 963 1808 vobis
981 1776 1024 1807 ut
1041 1770 1209 1807 audiatis
1227 1770 1268 1807 in
1291 1776 1426 1807 nostro
1451 1763 1600 1818 templo
1622 1770 1909 1814 confessiones,

257 1830 366 1866 sicut
380 1830 543 1877 cupitis.
568 1831 739 1867 Dicebat
756 1831 876 1867 etiam
900 1831 977 1867 sibi
1003 1837 1208 1867 ostensum
1230 1831 1281 1867 ab
1303 1830 1392 1867 aliis
1415 1831 1619 1878 scriptum,
1644 1830 1749 1878 quod
1773 1835 1908 1867 custos

256 1887 359 1924 nulli
375 1888 543 1926 deberet
559 1890 712 1938 aperire
730 1889 937 1927 Cameram
955 1901 1128 1935 auream,
1153 1889 1230 1926 nisi
1253 1889 1383 1938 aliquo
1406 1890 1595 1926 canonico
1618 1895 1843 1938 praesente,
1867 1894 1909 1926 et

258 1947 379 1984 moris
397 1953 602 1996 praeterea
620 1949 759 1997 fuisse,
783 1950 886 1998 quod
909 1950 1065 1998 quando
1089 1949 1229 1997 aliquis
1251 1950 1411 1986 volebat
1439 1950 1642 1986 celebrare
1672 1949 1713 1985 in
1742 1949 1908 1986 camera

253 2019 392 2054 aurea,
416 2008 522 2056 quod
545 2014 629 2045 tum
653 2009 840 2046 veniebat
862 2014 996 2046 custos
1020 2014 1061 2045 et
1083 2009 1246 2056 petebat
1268 2010 1318 2045 ab
1341 2009 1543 2045 abbatissa
1567 2008 1770 2045 veniam...
1795 2008 1908 2045 Solet

253 2066 491 2114 contingere
514 2074 558 2104 ut
581 2074 670 2116 post
694 2069 925 2105 concionem
949 2069 1110 2105 veniant
1134 2073 1317 2116 petentes
1340 2068 1520 2105 confiteri
1550 2074 1617 2104 aut
1645 2067 1825 2104 conferre
1854 2068 1905 2104 de

254 2127 379 2163 rebus
395 2138 491 2163 suae
508 2127 790 2176 conscientiae,
808 2134 850 2165 et
872 2127 1144 2165 confitentium
1167 2133 1251 2165 erat
1273 2129 1401 2165 bonus
1423 2140 1610 2165 numerus
1636 2134 1678 2164 et
1700 2133 1904 2164 converte-

255 2187 400 2222 bantur
429 2192 470 2222 et
498 2186 651 2224 fructus
680 2187 846 2224 fiebant.
883 2187 998 2224 Nunc
1028 2193 1160 2224 autem
1191 2188 1319 2224 locum
1347 2199 1426 2224 non
1456 2188 1648 2224 habemus
1678 2187 1767 2224 illos
1796 2187 1905 2224 adiu-

255 2245 448 2281 vandi...»
467 2246 528 2282 De
546 2247 619 2283 hac
636 2247 837 2283 abbatissa
854 2247 959 2283 idem
978 2246 1119 2283 Kessel
1137 2246 1187 2283 ad
1203 2247 1252 2283 P.
1282 2247 1428 2283 Lainez
1452 2247 1516 2283 die
1544 2257 1586 2284 12
1610 2247 1783 2294 Augusti
1806 2248 1903 2284 haec

255 2303 468 2340 referebat:
489 2306 675 2342 «...Nunc
693 2312 824 2342 autem
843 2308 926 2342 sola
944 2312 1006 2342 est
1022 2305 1103 2342 illic
1116 2306 1331 2354 abbatissa,
1346 2319 1447 2355 quae
1464 2318 1664 2355 nunquam
1678 2307 1800 2354 canit,
1813 2308 1903 2343 hae—

256 2363 383 2399 retica
400 2369 462 2400 est
479 2366 544 2401 vel
569 2366 710 2402 saltem
735 2366 849 2402 valde
871 2366 921 2402 de
944 2365 1098 2402 haeresi
1126 2371 1323 2413 suspecta,
1349 2372 1390 2402 et
1414 2378 1492 2403 una
1515 2366 1591 2403 alia
1614 2367 1728 2413 virgo
1751 2367 1899 2411 vetula,

256 2433 358 2468 quae
376 2424 458 2458 sola
473 2423 580 2460 canit
596 2436 685 2461 cum
698 2424 853 2461 duobus
867 2425 1015 2472 pueris,
1030 2424 1174 2461 nostris
1188 2425 1431 2473 discipulis.»
1447 2426 1549 2462 Vide
1564 2431 1686 2462 totam
1700 2424 1806 2461 illam
1820 2423 1901 2472 epi-

254 2482 400 2517 stolam
417 2482 520 2529 apud
538 2484 732 2530 HANSEN,
753 2485 828 2520 loc.
847 2485 919 2521 cit.
931 2513 940 2531 ,
958 2496 1048 2532 pag.
1068 2492 1153 2530 427,
1171 2483 1257 2530 428.

332 2543 343 2564 ¹
394 2540 474 2586 Sic,
492 2553 563 2589 pro
581 2543 834 2591 Haemerulo,
848 2544 898 2580 de
915 2556 992 2592 quo
1011 2543 1102 2580 vide
1121 2543 1393 2592 appendicem,
1412 2556 1452 2580 n.
1471 2545 1508 2580 1.

328 2602 342 2623 ²
392 2601 439 2636 In
455 2601 687 2650 appendice,
706 2615 748 2639 n.
773 2605 806 2650 1,
825 2609 918 2640 sunt
936 2609 1123 2651 excerpta
1140 2604 1332 2640 examinis
1346 2604 1509 2651 Joannis
1527 2603 1724 2651 Dionysii.

327 2660 342 2681 ⁸
391 2659 602 2707 Polancus,
622 2673 672 2697 ex
689 2663 982 2708 commissione,
1000 2663 1180 2699 Tridenti
1197 2662 1240 2699 31
1261 2663 1370 2710 Aug.
1397 2664 1490 2710 1562
1506 2664 1604 2699 haec
1620 2663 1670 2698 ad
1687 2664 1732 2699 P.
1748 2662 1899 2699 Madrid

250 2717 305 2754 de
327 2719 497 2765 collegio
520 2720 727 2767 Herbipoli
755 2721 1000 2758 instituendo
1029 2722 1242 2759 scribebat:
1274 2723 1354 2758 «La
1381 2723 1431 2759 R.
1457 2723 1506 2758 V.
1538 2721 1639 2758 auisi
1668 2733 1711 2757 se
1738 2722 1762 2757 'l
1786 2721 1898 2758 detto

255 2778 323 2813 P.e
351 2777 507 2814 Giouan
524 2779 683 2815 Morauo
702 2786 763 2816 sta
780 2786 889 2818 tanto
907 2781 1064 2818 innanzi
1081 2783 1154 2818 che
1171 2781 1207 2818 si
1229 2787 1388 2830 potesse
1411 2781 1571 2818 mandar
1594 2782 1635 2818 in
1662 2782 1895 2827 Alemagna‚

253 2837 438 2873 massime
455 2849 526 2885 per
542 2839 766 2886 compiacer
783 2842 819 2876 al
838 2852 1012 2877 vescouo
1030 2840 1079 2876 de
1096 2841 1304 2888 Herbipoli
1321 2843 1394 2878 che
1411 2842 1518 2877 tiene
1537 2842 1577 2877 in
1594 2841 1730 2876 ordine
1748 2841 1815 2876 un’
1838 2841 1897 2876 in·

174 2908 176 2910 ’
246 2901 354 2933 trata
371 2897 421 2933 de
439 2909 600 2945 apresso
621 2907 713 2935 1000
730 2899 856 2946 scudi,
875 2906 916 2936 et
933 2900 968 2936 si
985 2901 1295 2938 contentarebbe
1313 2901 1454 2938 adesso
1471 2901 1510 2937 d'
1530 2913 1583 2936 un
1600 2900 1835 2948 predicator,
1859 2900 1896 2935 si

250 2958 332 2992 ben
349 2967 428 2993 non
445 2968 489 2993 se
507 2957 536 2994 li
554 2959 805 2995 mandassero
823 2959 851 2995 li
867 2960 1019 3006 mastri,
1037 2966 1131 3003 etc„
1157 2965 1199 2996 et
1223 2960 1554 3008 consignarebbe‚
1573 2972 1596 2995 a
1624 2960 1715 3007 quel
1733 2960 1807 2996 che
1834 2957 1896 2995 inss

250 3015 387 3060 tendo,
405 3016 433 3052 il
451 3017 634 3063 collegio,
653 3023 755 3055 etc.»
773 3019 833 3054 Ex
851 3020 1079 3067 archetypo,
1098 3019 1140 3056 in
1160 3019 1262 3056 Cod.
1284 3020 1410 3063 PLB,
1437 3028 1478 3066 51
1506 3019 1624 3064 (328).

325 3076 340 3097 ⁴
389 3076 450 3111 De
467 3077 620 3113 Busaeo
638 3083 678 3114 et
696 3078 817 3114 Fabio
834 3078 926 3115 vide
944 3079 1116 3127 append.
1139 3079 1215 3116 loc.
1234 3078 1303 3115 cit.
