2196 3522
298 271 344 307 36
854 265 897 299 P.
928 262 1114 298 NATAus
1140 261 1361 296 EPHEMER.

388 413 462 456 5²
484 426 517 455 v
992 406 1183 450 VENET1
1188 418 1237 458 Js

388 523 475 581 Egi
497 537 601 567 cum
629 520 767 579 priori
795 521 852 564 de
881 519 1017 562 rebus
1044 517 1357 574 collegiorum,
1390 522 1478 560 etc.
1511 515 1683 560 Censui
1710 530 1803 560 non
1829 529 1932 561 esse

299 601 529 645 habendas
550 599 728 643 scholas
750 595 973 652 Venefijs,
998 595 1080 639 sed
1102 600 1279 638 tantum
1297 592 1492 650 Patauij.
1513 591 1725 646 Visitaui,
1745 599 1834 638 etc.
1854 594 1932 636 In-

300 677 449 722 tellexi
470 677 527 720 de
549 675 755 720 Arnoldo
775 674 966 726 flandro‚
991 679 1100 718 etc.:
1121 671 1223 715 misi
1244 670 1372 714 illum
1393 672 1584 714 Romam
1600 670 1649 714 in
1665 668 1931 727 peregrina—

301 755 484 800 tionem.
511 751 795 798 Tenuissime
817 751 891 794 hic
912 749 1131 794 viuebant
1152 748 1312 802 nostri,
1338 755 1576 805 propterea
1596 748 1720 803 quod
1746 747 1932 792 aleban-

302 839 374 875 tur
395 847 422 875 a
442 830 594 888 priori:
619 829 727 873 huic
749 828 814 873 rei
837 834 906 871 est
927 826 1161 884 prouisum
1183 826 1333 882 quoad
1355 825 1504 882 potuit
1531 827 1559 868 ¹.

390 951 467 994 53
489 963 523 994 v
1012 948 1198 991 PATAUI
1203 959 1224 999 J

394 1062 484 1107 Hic
509 1061 602 1105 vidi
625 1060 953 1107 Bernardinum
977 1059 1246 1112 theatinum,
1271 1058 1350 1115 qui
1379 1059 1464 1102 suit
1491 1065 1650 1116 postea
1677 1058 1934 1103 cardinalis.

308 1140 517 1193 Visitaui,
542 1134 626 1184 etc,
653 1137 929 1195 Praescripsi
951 1151 1009 1180 ne
1030 1136 1255 1181 habitaret
1283 1135 1331 1179 in
1351 1136 1469 1180 horti
1492 1135 1638 1181 nostri
1663 1137 1834 1194 angulo
1854 1151 1938 1182 ex-

306 1224 463 1262 ternus
483 1217 764 1260 hortulanus.
791 1215 958 1271 Recepi
986 1214 1140 1259 literas
1163 1229 1190 1257 a
1212 1215 1349 1258 Patre
1369 1227 1428 1257 ne
1455 1227 1784 1267 commonerer,
1814 1214 1937 1270 quod

311 1295 481 1338 Paulus
496 1306 525 1348 4
546 1293 764 1338 voluisset
786 1308 858 1337 me
879 1292 1128 1337 subsistere
1154 1291 1202 1335 in
1229 1291 1492 1345 Germania;
1523 1305 1574 1335 se
1594 1291 1711 1336 seire
1735 1290 1837 1335 eius
1853 1305 1940 1336 vo-

308 1372 544 1424 luntatem,
569 1371 688 1414 nolle
710 1385 782 1414 me
810 1369 857 1412 in
884 1369 1176 1414 Germaniam
1198 1368 1361 1414 redire.
1388 1369 1518 1412 Haec
1547 1383 1605 1413 ex
1630 1382 1783 1413 errore
1809 1374 1941 1412 erant

308 1448 525 1504 profecta,
550 1462 655 1492 nam
676 1447 850 1491 dixerat
877 1445 1116 1490 cardinalis
1140 1447 1283 1490 Paulo
1306 1461 1380 1490 me
1406 1444 1663 1502 disputasse
1691 1459 1795 1488 cum
1818 1446 1855 1489 F
1857 1460 1942 1489 au-

310 1539 426 1578 sero,
452 1524 770 1568 concionatore
794 1524 1102 1578 Maximiliani,
1122 1524 1248 1567 illum
1277 1538 1532 1580 superasse,
1551 1537 1653 1568 esse
1669 1537 1742 1566 me
1756 1523 1832 1567 54
1851 1522 1943 1566 vti-

312 1603 399 1645 lem
426 1602 474 1644 in
500 1602 768 1655 Germania;
801 1601 952 1658 itaque
981 1601 1303 1658 impetrauerat
1333 1605 1360 1646 a
1389 1602 1532 1645 Paulo
1561 1607 1610 1644 vt
1637 1615 1867 1645 manerem
1896 1600 1944 1643 in

314 1678 574 1723 Germania:
599 1678 772 1724 interea
798 1693 888 1735 ego
911 1678 1015 1724 veni
1031 1679 1079 1722 in
1101 1678 1290 1732 Italiam,
1310 1685 1357 1723 et
1372 1677 1551 1735 scripsit
1567 1678 1625 1722 ad
1641 1693 1714 1723 me
1731 1679 1785 1722 P.
1806 1678 1945 1735 Igna-

314 1755 419 1808 tius,
451 1756 572 1811 quod
604 1770 692 1812 ego
723 1755 912 1799 audiens
933 1755 1044 1799 nihil
1066 1756 1198 1812 plane
1225 1755 1399 1800 curaui:
1424 1754 1634 1813 rescripsi
1670 1755 1727 1799 ad
1762 1756 1944 1800 Patrem

314 1832 424 1875 mihi
445 1832 558 1876 nihil
577 1832 751 1876 dictum
772 1847 871 1877 esse
894 1832 1075 1876 nomine
1099 1832 1244 1887 Pauli3
1265 1847 1338 1878 me
1352 1832 1546 1878 libenter
1565 1833 1808 1887 facturum,
1829 1846 1946 1889 quae

316 1909 412 1966 ipse
434 1909 653 1954 scriberet
675 1910 708 1953 ².
739 1909 748 1967 Ι

993 2032 1274 2074 FERRARIAE

408 2143 513 2185 Huc
536 2156 630 2185 non
651 2141 820 2185 fuimus
841 2141 1024 2185 admissi
1046 2149 1228 2198 propter
1244 2142 1383 2198 pestis
1399 2142 1718 2198 suspicionem,
1739 2140 1785 2187 et
1802 2149 1948 2186 totum

318 2218 438 2261 diem
466 2218 821 2274 expectauimus,
853 2225 903 2261 vt
938 2219 1206 2263 Pelletarius
1241 2219 1372 2263 nobis
1399 2219 1662 2276 impetraret
1692 2218 1945 2276 ingressus;

322 2296 503 2340 tandem
536 2309 677 2350 quum
704 2295 815 2338 nihil
843 2295 1130 2350 confecisset,
1156 2297 1242 2339 sub
1276 2303 1455 2341 noctem
1484 2295 1631 2339 coacti
1652 2310 1811 2340 sumus
1839 2311 1949 2354 pro-

320 2371 449 2428 gredi
470 2371 673 2416 vlterius.
702 2371 926 2417 Postridie
949 2372 1117 2416 fuimus
1133 2371 1180 2415 in
1196 2387 1373 2416 summo
1390 2372 1607 2429 periculo,
1632 2387 1737 2416 cum
1753 2372 1801 2416 in
1822 2387 1950 2430 cym-

320 2449 379 2491 ba
400 2462 503 2491 cum
526 2448 660 2504 equis
683 2448 1088 2493 transmitteremus
1113 2450 1303 2494 Padum.

409 2569 481 2612 55
1009 2571 1263 2614 BONONIAE

354 2685 359 2689 ”
411 2680 508 2724 Nec
529 2682 619 2724 huc
650 2680 844 2737 primum
878 2681 1046 2726 fuimus
1078 2682 1276 2726 admissi:
1314 2682 1482 2727 fuimus
1510 2683 1557 2726 in
1586 2685 1733 2728 horto:
1770 2685 1952 2730 tandem

323 2755 584 2812 impetrauit
607 2759 659 2801 P.
681 2759 716 2801 F
718 2757 950 2802 ranciscus
969 2758 1186 2803 Palmius.
1208 2759 1419 2813 Visitaui‚
1444 2767 1533 2804 etc.
1554 2761 1759 2806 Intellexi
1774 2761 1955 2806 dificul-

318 2835 465 2876 ‘tatem
491 2834 669 2891 collegij
706 2841 889 2891 propter
917 2849 1072 2879 curam
1100 2838 1370 2892 pastoralem
1399 2837 1627 2883 eeclesiae.
1660 2838 1865 2883 Intellexi
1898 2839 1957 2883 de

401 3019 410 3039 ¹
461 3018 506 3053 In
523 3018 591 3054 fol.
611 3017 657 3064 53
674 3031 704 3054 r.
725 3019 779 3055 nil
798 3019 986 3067 scriptum
1004 3026 1079 3056 est.

398 3079 412 3098 ²
462 3077 528 3113 Cf.
551 3078 685 3125 Epist.
709 3078 873 3125 Natal.,
892 3080 924 3126 1,
943 3078 1026 3124 312,
1046 3080 1129 3126 313,
1144 3093 1232 3117 cum
1251 3087 1387 3118 annot.
