2196 3522
991 342 1083 381 1559
1108 343 1162 371 m·
1187 335 1233 370 60
1874 338 1922 384 65

375 436 443 479 Eo
469 441 671 492 tempore
701 436 986 492 frequentius
1014 438 1240 482 euocabat
1267 438 1454 482 Patrem·
1477 439 1755 495 generalem:
1772 450 1775 453 ·
1790 439 1922 485 beni-

279 511 501 570 gnissime
522 526 627 556 cum
642 512 719 556 illo
736 513 917 570 agebat.
939 513 1175 557 Pollicitus
1191 520 1262 558 est
1278 528 1328 558 se
1343 515 1462 559 velle
1479 515 1669 559 fundare
1686 515 1807 560 12⁰
1823 503 1935 561 col-5

287 589 472 647 legium,
498 604 647 635 emere
668 590 756 634 iam
784 590 978 646 primurn
1000 590 1132 634 nobis
1153 591 1354 645 domum;
1379 606 1438 636 ne
1460 598 1612 635 tamen
1638 592 1751 636 illud
1771 593 1919 650 publi-

282 681 508 721 caremus,
533 682 591 711 ne
612 667 742 711 fieret
762 667 926 711 domus
947 668 1139 728 emenda
1167 667 1328 722 carior3
1355 682 1514 712 verum
1536 683 1631 712 non
1652 669 1731 713 diu
1758 683 1918 727 super-

288 743 417 787 uixit.

373 822 492 867 Sede
514 827 724 875 vacante,
750 820 972 866 seditione
992 820 1206 874 excitata,
1237 822 1411 878 romanj
1442 823 1914 867 euerterunt'domum

282 897 586 955 inquisitionis
628 898 856 955 Ripetam:
896 897 1132 942 reuocauit
1174 897 1275 941 illos
1311 913 1339 941 a
1374 899 1648 955 monasterjo
1661 934 1671 953 ,
1702 901 1759 943 ad
1792 902 1915 956 quod

279 976 579 1021 euertendum
595 981 830 1019 venerant:
850 974 1008 1018 minati
1024 981 1132 1018 sunt
1147 975 1205 1018 ad
1226 976 1586 1020 comburendum
1608 976 1847 1033 collegium
1865 984 1913 1021 et

281 1059 487 1096 nostrum
507 1058 741 1096 venturos:
761 1066 853 1095 non
868 1058 1093 1095 venerunt
1110 1058 1278 1095 tamen.
1298 1051 1439 1096 Venit
1456 1058 1631 1096 tantum
1655 1053 1792 1097 frater
1815 1055 1911 1110 Ty·

282 1128 392 1185 berij
425 1128 607 1173 sublimi
640 1128 689 1172 in
717 1142 852 1185 equo:
886 1130 1103 1173 conuenit
1129 1128 1136 1187 Ι
1163 1129 1303 1173 solus:
1339 1128 1531 1174 discedit
1558 1129 1716 1186 paucis
1746 1130 1909 1175 diebus

282 1206 544 1250 clanculum
564 1205 805 1262 Tyberius.

370 1282 455 1327 Fui
482 1284 570 1326 hoc
596 1296 715 1326 anno
742 1289 789 1327 et
815 1282 1024 1339 sequenti
1052 1282 1097 1326 in
1130 1282 1340 1341 collegio:
1372 1284 1680 1328 commeabam
1707 1284 1910 1340 quotidie

276 1360 338 1403 ad
358 1359 738 1417 congregationes
767 1359 915 1404 Patris
943 1359 1185 1417 generalis:
1216 1374 1340 1405 eram
1361 1374 1498 1417 saepe
1523 1359 1586 1403 illi
1614 1359 1838 1418 ingratus,
1862 1368 1910 1405 et

275 1436 377 1493 alijs
401 1436 612 1481 Patribus
632 1436 950 1481 assistentibus
971 1438 1189 1481 molestus
1211 1443 1395 1494 propter
1421 1452 1568 1482 meam
1590 1436 1907 1494 importunita-

278 1521 369 1558 tem
389 1529 442 1558 ac
465 1514 777 1559 rusticitatem.

362 1591 661 1648 Disputabam
680 1591 774 1635 fere
788 1605 892 1635 cum
911 1591 1136 1649 theologis
1163 1591 1325 1637 diebus
1352 1592 1542 1636 sabbati.
1571 1593 1638 1635 Ex
1667 1592 1907 1636 Eautonti-

273 1683 537 1714 merumeno
558 1668 758 1725 Terentij
783 1668 868 1712 feci
895 1670 905 1690 ¹
930 1670 1169 1713 honestam
1197 1668 1494 1714 comoediam.
1520 1670 1634 1713 Fere
1662 1668 1902 1713 maximam

273 1745 546 1790 scholiorum
568 1752 740 1802 partem
763 1745 808 1788 in
827 1745 1177 1790 constitutiones
1199 1752 1245 1791 et
1266 1745 1594 1790 declarationes
1615 1746 1805 1802 absoluj.

360 1822 464 1866 121
489 1822 734 1867 Meditatus
761 1837 862 1866 sum
884 1822 930 1865 in
958 1823 973 1843 ²
1005 1822 1247 1879 euangelia
1273 1837 1330 1867 ex
1359 1823 1599 1879 pandecta,
1625 1836 1738 1878 quas
1759 1822 1904 1866 medi--

276 1899 470 1944 tationes
490 1900 653 1944 vellem
680 1899 930 1956 scripsisse.
962 1900 1073 1943 Plus
1101 1899 1286 1956 spiritus
1312 1898 1500 1943 videbar
1527 1901 1542 1922 ⁸
1572 1908 1618 1945 et
1645 1899 1904 1957 intelligen-

272 1975 364 2021 tiae
383 1975 601 2032 mysticae
627 1990 684 2020 ex
711 1975 798 2019 illis
824 1975 1049 2032 recepisse
1075 1989 1211 2031 quam
1238 1990 1438 2033 vnquam
1465 1983 1615 2031 antea,
1645 1975 1810 2032 retinuj
1834 1982 1904 2020 ta-

271 2068 376 2098 men
398 2053 591 2109 aliquem
612 2066 796 2096 sensum
819 2053 996 2096 illarum
1018 2052 1380 2096 meditationum.

359 2131 540 2174 Mortuo
562 2130 721 2182 Paulo,
745 2129 870 2173 venit
891 2129 938 2172 in
959 2129 975 2150 ⁴
1003 2129 1333 2174 dubitationem
1356 2131 1410 2174 P.
1436 2129 1661 2187 generalis
1682 2131 1740 2175 de
1763 2132 1902 2174 choro

269 2214 316 2252 et
332 2207 388 2250 de
405 2206 598 2252 triennio
613 2206 685 2250 sui
707 2206 858 2260 officii3
878 2221 1035 2250 verum
1051 2207 1108 2250 de
1123 2199 1194 2250 his
1210 2205 1304 2250 dixi
1319 2213 1422 2264 post
1438 2204 1608 2267 fine[m]
1624 2207 1900 2251 scholiorum

269 2283 318 2328 in
339 2283 685 2329 constitutiones
708 2285 740 2326 ³.
770 2282 778 2341 Ι
823 2327 825 2332 ,

358 2360 622 2406 Adiecimus
643 2359 843 2404 animum
864 2359 911 2403 in
932 2374 1009 2405 eas
1024 2360 1176 2413 aedes,
1198 2359 1272 2403 vbi
1288 2375 1411 2404 nunc
1426 2361 1621 2404 habetur
1636 2359 1895 2417 collegium,

267 2451 387 2492 quae
406 2437 567 2494 partim
588 2437 1005 2494 complectabantur
1025 2435 1256 2481 residuum
1276 2437 1428 2494 palatij
1454 2436 1602 2490 Pauli,
1622 2451 1762 2492 quum
1778 2443 1899 2480 esset

268 2513 527 2568 cardinalis,
550 2513 713 2570 partim
742 2515 929 2558 domum
965 2513 1244 2557 marchesiae
1265 2527 1293 2557 a
1329 2514 1476 2567 Valle,
1500 2520 1547 2557 et
1573 2512 1685 2557 alias
1720 2513 1893 2565 domos,

267 2604 295 2645 q
302 2603 386 2634 uae
392 2597 567 2647 emptae
582 2597 711 2635 erant
721 2591 778 2635 ad
787 2590 1057 2636 coenobium
1069 2589 1331 2634 monialium
1340 2590 1475 2635 diuae
1485 2590 1646 2634 Clarae
1653 2589 1896 2634 instituen-

266 2667 392 2709 dum.
412 2668 592 2711 Mortuo
615 2667 774 2720 Paulo,
794 2666 1112 2711 renuntiarunt
1128 2666 1191 2709 illi
1208 2666 1496 2711 monasterio.
1522 2664 1780 2723 Applicatio
1800 2664 1894 2708 illa-

264 2756 366 2786 rum
386 2743 602 2786 domuum
628 2744 863 2799 spectabat
897 2732 955 2788 ad
990 2742 1303 2798 marchesiam,
1329 2757 1468 2799 quum
1497 2757 1552 2786 ea
1587 2741 1824 2786 inclinaret
1843 2748 1894 2785 vt

341 2905 350 2925 ¹
402 2903 447 2938 In
462 2914 538 2938 ms.
560 2903 634 2938 hoc
651 2904 816 2939 verbum
834 2902 1013 2940 iteratur.

336 2965 351 2984 ²
401 2962 447 2997 In
464 2973 536 2997 ms.
558 2963 603 2997 in
627 2961 824 2998 iteratum.

337 3022 352 3043 ³
401 3021 446 3056 In
464 3032 536 3056 ms.
555 3021 628 3056 hoc
641 3021 805 3056 verbum
822 3021 1014 3068 repetitur
1031 3023 1147 3069 paulo
1165 3021 1279 3057 infra.

337 3081 353 3102 ⁴
402 3079 479 3115 Ms.
490 3107 500 3125 ,
518 3080 628 3115 venit
644 3080 689 3115 in
706 3079 816 3115 venit
833 3080 892 3115 in.

339 3140 354 3160 ⁵
403 3138 448 3174 In
466 3150 538 3174 ms.
557 3137 663 3186 prius
680 3138 867 3185 scriptum
883 3138 1038 3175 fuerant
1054 3140 1099 3175 in
1108 3139 1209 3188 fine,
1227 3138 1332 3188 quod
1343 3139 1601 3176 cancellatum
1618 3142 1694 3173 est.
