2196 3522
280 262 327 307 64
840 252 884 287 P.
912 250 1101 286 NArAms
1126 250 1345 285 EPHEMER.

375 373 426 403 10
443 354 718 413 Septembris
740 360 809 398 est
830 351 1050 395 dissoluta
1070 349 1292 407 legittime
1314 349 1626 407 congregatio.

368 438 449 480 Est
471 433 708 478 emendata
728 428 876 475 versio
898 427 1038 472 latina
1066 427 1441 471 constitutionum
1470 441 1496 471 a
1517 439 1546 481 4
1573 426 1907 479 assistentibus,

282 521 327 558 et
347 513 453 555 data
475 508 607 566 typis.

368 588 470 631 112
493 583 648 630 Voluit
669 598 741 629 me
763 582 908 628 redire
929 582 986 626 ad
1003 580 1245 638 collegium
1269 583 1320 624 P.
1342 582 1540 638 Laynez,
1560 580 1634 624 cui
1656 579 1748 623 dixi
1764 579 1906 624 libere

283 664 424 709 videri
446 661 665 706 rationem
687 658 974 717 gubernandi
996 658 1174 715 collegij
1199 657 1330 702 aliam
1359 657 1700 710 instituendam,
1729 663 1779 701 vt
1794 671 1910 714 pen—

285 743 441 785 derent
463 738 614 782 omnia
636 753 662 781 a
683 736 1102 793 superjntendente,
1127 749 1213 780 nec
1230 750 1329 780 eam
1346 740 1559 780 curarent
1574 734 1648 779 vel
1665 735 1718 777 P.
1741 734 1914 778 Polan·

284 832 380 871 cus,
404 818 478 860 vel
500 817 552 859 P.
580 814 771 867 Madrid,
797 813 875 869 qui
897 820 993 857 erat
1015 813 1178 856 modus
1194 812 1476 869 superiorum
1495 818 1763 868 temporum.
1785 811 1910 855 Con-

284 894 419 939 cessit
442 895 593 944 Pater,
619 890 683 934 iui
710 891 767 934 ad
788 889 1048 947 collegium,
1080 890 1160 933 sed
1181 888 1327 933 voluit
1355 890 1492 934 Pater
1517 895 1567 931 vt
1588 887 1712 945 prius
1739 887 1920 943 aliquot

284 970 443 1016 diebus
464 970 613 1013 locum
637 967 825 1023 ministrj
849 966 1100 1011 obtinerem
1131 965 1269 1021 domi,
1300 965 1339 1009 si
1366 965 1476 1023 quid
1502 965 1734 1010 videretur
1754 979 1911 1010 emen-

285 1048 500 1091 dandum.

373 1124 578 1180 Vrgebat
599 1121 798 1165 edictum
831 1120 962 1165 Pauli
992 1127 1042 1163 vt
1078 1122 1348 1165 haberemus
1375 1120 1381 1179 Ι
1409 1122 1613 1175 chorum;
1633 1120 1786 1177 itaque
1816 1119 1910 1176 pri-

285 1215 408 1244 mum
435 1198 718 1243 assueuimus
753 1197 908 1242 cantui
944 1197 1173 1254 priuatim,
1212 1197 1319 1241 dein
1350 1197 1630 1241 instituimus
1661 1210 1825 1241 canere
1862 1195 1909 1239 in

287 1279 425 1321 choro
442 1278 575 1319 horas
591 1290 748 1320 omnes
765 1274 1007 1318 canonicas
1040 1274 1301 1328 theatinice,
1335 1281 1385 1317 vt
1416 1274 1610 1318 iusserat
1642 1274 1830 1326 Paulus,
1864 1273 1911 1316 id

286 1361 371 1409 est,
383 1354 554 1409 absque
570 1352 879 1396 modulatione
890 1351 1196 1396 ecclesiastica
1203 1351 1471 1405 continenti,
1483 1358 1530 1397 et
1544 1366 1636 1396 vno
1649 1358 1757 1395 tono
1766 1351 1907 1404 vocis,

289 1438 464 1474 tantum
494 1437 544 1473 vt
566 1430 721 1473 vltima
741 1429 913 1486 syllaba
941 1428 1070 1484 quasi
1097 1430 1457 1483 contraheretur;
1481 1434 1528 1473 et
1554 1427 1629 1471 hic
1650 1428 1726 1484 sest
1747 1429 1915 1471 chorus

288 1506 470 1550 habitus
496 1506 543 1549 in
570 1506 719 1558 domo,
766 1519 858 1548 non
885 1504 933 1549 in
959 1504 1173 1562 collegio,
1204 1511 1250 1549 et
1278 1504 1490 1565 nulli[bi],
1524 1506 1646 1561 quod
1679 1504 1835 1557 sciam,
1866 1504 1916 1547 in

290 1583 517 1629 Societate
538 1589 770 1639 praeterea
791 1581 1014 1626 admissus
1039 1583 1068 1626 ¹.

380 1702 487 1745 ¹19
945 1709 1055 1744 1559
1069 1710 1115 1744 et
1131 1709 1189 1743 60
1211 1702 1243 1745 ².

380 1815 642 1858 Postulatus
683 1821 752 1858 est
794 1829 820 1858 a
861 1814 1019 1872 regina
1062 1814 1370 1872 Portugalliae
1406 1822 1452 1860 et
1482 1814 1698 1859 cardinali
1739 1815 1916 1859 infante

293 1893 346 1935 P.
371 1890 633 1935 Ludouicus
653 1891 895 1947 GoncaIes,
914 1891 1145 1945 assistens,
1169 1898 1220 1935 vt
1235 1898 1355 1936 esset
1371 1891 1494 1949 regis
1514 1891 1644 1948 pueri
1660 1891 1913 1937 Sebastiani

291 1967 538 2020 institutor,
556 1974 602 2011 et
616 1967 663 2010 in
679 1967 837 2022 literis,
857 1975 902 2012 et
918 1968 1135 2012 moribus.
1147 1969 1257 2013 Visa
1273 1976 1343 2013 est
1358 1983 1496 2013 causa
1511 1969 1692 2022 idonea,
1712 1983 1793 2013 cur
1808 1969 1915 2013 mit-

293 2050 479 2096 teretur,
503 2043 767 2100 praesertim
790 2059 929 2100 quum
946 2044 1009 2088 ita
1037 2046 1363 2090 contenderent
1383 2045 1447 2089 illi
1468 2045 1709 2103 principes,
1733 2053 1784 2089 vt
1810 2047 1915 2090 abs-

293 2135 382 2178 que
402 2120 622 2177 singulari
645 2121 894 2166 offensione
909 2121 1090 2165 illorum
1106 2122 1265 2179 negari
1281 2137 1376 2166 non
1396 2122 1627 2167 videretur
1642 2137 1789 2179 posse.
1809 2123 1916 2168 Dis-

291 2197 443 2251 cessit3
476 2211 568 2240 non
595 2204 664 2241 est
696 2204 847 2241 tamen
875 2198 1150 2242 substitutus
1179 2201 1231 2243 P.
1266 2199 1536 2244 Franciscus
1558 2199 1673 2243 alius
1700 2200 1916 2245 assistens

293 2280 405 2318 ante
425 2288 595 2318 annum
617 2275 689 2318 62.

382 2350 522 2395 Venit
545 2352 597 2394 P.
625 2351 812 2396 Toletus
834 2353 1038 2396 Romam:
1063 2352 1271 2396 consului
1301 2359 1349 2396 vt
1376 2354 1560 2398 doceret
1593 2355 1607 2374 ³
1638 2354 1914 2411 metaphysi—

293 2442 393 2472 cam
413 2427 460 2470 in
480 2427 812 2481 vacationibus,
833 2429 954 2484 quod
975 2428 1114 2472 cessit
1134 2443 1160 2472 e
1180 2428 1420 2474 sententia.

381 2504 519 2549 Venit
550 2506 604 2548 P.
630 2505 896 2549 Ledesmus:
927 2505 966 2549 is
993 2506 1223 2563 specimen
1243 2505 1396 2551 variae
1419 2506 1684 2551 eruditionis
1709 2509 1923 2564 praebuit

291 2581 340 2624 in
360 2580 455 2625 suis
475 2580 760 2625 lectionibus:
792 2597 847 2626 ex
876 2582 1139 2639 probatione
1160 2584 1218 2628 de
1248 2583 1524 2640 ponderibus
1550 2599 1693 2640 vsque
1715 2591 1762 2628 et
1788 2599 1917 2629 men-

292 2658 411 2702 suris
431 2657 559 2701 dixit.
590 2657 597 2716 Ι

381 2736 537 2791 Quum
565 2736 737 2780 Paulus
765 2736 1003 2780 abiecisset
1031 2744 1220 2794 nepotes
1242 2752 1415 2793 omnes,
1443 2747 1621 2796 praeter
1647 2739 1923 2784 cardinalem

291 2811 643 2869 neapolitanum,
668 2812 868 2857 vidimus
890 2815 1078 2858 Romam
1099 2815 1303 2859 moribus
1324 2817 1625 2861 reformatam.

366 2941 376 2961 ¹
426 2937 491 2973 Nil
510 2938 699 2986 scriptum
717 2943 778 2975 est
796 2938 835 2974 in
853 2939 923 2975 fol.
952 2938 1034 2975 118.

363 3000 378 3020 ²
429 2998 506 3033 Ms.
518 3025 527 3042 ,
554 3007 617 3043 50.

362 3057 378 3078 ³
431 3058 522 3103 Ms.,
541 3059 582 3092 vt
600 3058 644 3093 in
662 3058 828 3094 doceret.
