2196 3522
0 3413 20 3522 ζψ-ᾱ-τν
13 3362 25 3376 ,η
12 3326 22 3339 ⁴,
11 3283 15 3288 ,

319 26 324 33 ,
367 0 444 34 ‘'⁴0-
466 0 974 31 ‹.'v·:·†*,¹!s”·‘²-'-22173”“³tmxx-¹⁴·<522²
1072 0 1136 27 vr*
1280 0 1282 2 ’
1312 0 1326 7 ‘

395 35 397 42 ι
606 36 609 37 ⁷
643 34 646 35 ⁷
736 36 738 38 -
761 31 775 40 οἱ
819 28 844 43 ἠ,
863 27 882 44 ³,-
1097 26 1102 31 ”

1062 302 1155 349 1562
1877 307 1925 346 97

277 404 585 458 aduersarios,
611 419 725 461 quos
752 406 924 450 habent
959 405 1008 448 in
1043 404 1340 450 vniuersitate
1360 411 1407 448 et
1443 403 1542 448 aliis
1577 387 1803 460 collegiis,
1828 409 1926 445 tum

282 483 407 539 quod
429 489 616 526 senatus
644 498 736 526 non
773 483 903 527 nouit
937 482 1229 538 Societatem,
1268 483 1342 527 vel
1373 481 1437 525 illi
1458 482 1598 535 fauet;
1623 488 1670 524 et
1691 488 1843 526 tamen
1864 479 1929 523 ita

288 559 559 618 praescripsi
580 567 630 603 vt
651 562 784 617 plane
805 561 1036 605 didracma
1056 576 1115 605 ne
1136 560 1394 617 acciperent
1411 558 1569 603 nostri.

376 637 589 692 Visitaui‚
609 645 717 691 etc.,
738 645 785 683 et
801 637 1124 683 instructiones
1139 636 1259 682 dedi.
1290 637 1297 695 Ι
1325 635 1530 681 Intellexi
1546 638 1605 680 D.
1626 633 1927 688 Ioncheriam,

285 714 388 770 qui,
435 714 652 759 secularis
695 715 893 772 quidem,
939 715 1058 758 inter
1098 721 1278 758 nostros
1321 721 1474 758 tamen
1508 713 1698 756 habitat:
1744 713 1801 756 ab
1843 713 1931 755 hoc

286 806 501 849 magnam
517 793 855 849 eleemosynam
877 799 924 836 et
945 798 1214 849 acceperant
1240 798 1390 843 antea,
1422 798 1468 833 et
1494 791 1706 847 sperabat
1723 791 1786 834 M.
1812 791 1932 834 Leo-

286 870 472 913 nardus.
500 869 718 914 Concessi
734 876 785 912 vt
807 877 927 915 esset
942 869 1081 922 domi,
1102 883 1243 925 quum
1259 868 1460 912 viderem
1476 866 1718 912 excellenti
1734 868 1930 923 quadam

276 960 386 990 esse
408 961 513 991 eum
535 946 705 1004 pietate
721 953 768 992 et
788 946 1026 1001 modestia,
1050 953 1097 990 et
1126 945 1357 998 fratribus,
1382 951 1429 989 et
1460 945 1517 988 ad
1549 943 1926 998 aedificationem,

288 1022 462 1068 vtilem.

373 1100 478 1154 Hic,
504 1100 690 1144 dimisso
712 1099 996 1158 prouinciali,
1020 1107 1071 1143 vt
1092 1100 1202 1144 mihi
1222 1107 1404 1158 praesto
1421 1106 1542 1146 esset
1559 1098 1753 1152 Treuiri,
1775 1113 1864 1156 ego
1881 1106 1929 1143 et

282 1177 504 1222 Ximenes
551 1177 760 1223 venimus
803 1178 860 1222 ad
907 1179 1100 1222 Fontem
1147 1182 1401 1235 spaensem.
1447 1175 1674 1221 Duximus
1710 1176 1923 1219 Iacobum

286 1229 464 1308 Nluntz,
491 1269 626 1311 quem
647 1262 808 1312 postea
829 1254 931 1298 misi
949 1256 1137 1298 Romam
1166 1257 1194 1298 ¹.

346 1361 475 1406 2⁰6
495 1375 531 1406 v
828 1377 890 1406 AD
915 1376 1110 1407 FONTEM
1135 1364 1385 1407 SPAfiNSEM

370 1473 461 1518 Hic
476 1474 623 1530 reperi
646 1475 698 1518 Ρ.
720 1475 1030 1531 Claysonium,
1056 1474 1130 1519 cui
1148 1489 1266 1531 aqua
1282 1474 1358 1537 illa
1373 1465 1486 1518 nihil
1507 1474 1692 1531 profuit.
1715 1473 1817 1518 Bibi
1834 1488 1924 1531 ego

276 1552 341 1595 -ad
363 1563 415 1595 10
435 1551 550 1604 dies,
582 1552 710 1595 tarde
738 1551 859 1597 enim
895 1567 1125 1605 veneram,
1165 1559 1212 1596 et
1248 1561 1523 1597 consecutae
1561 1558 1854 1608 tempestates
1874 1559 1923 1595 et

281 1627 463 1685 pluuiae
481 1629 682 1672 fecerant
711 1636 761 1672 vt
783 1644 877 1672 non
906 1636 1027 1675 esset
1055 1644 1173 1685 aqua
1210 1628 1436 1686 potabilis;
1470 1630 1553 1674 sed
1583 1643 1640 1673 ex
1661 1628 1748 1672 illis
1764 1628 1923 1686 paucis

274 1705 576 1750 ‘bibitionibus
598 1708 798 1751 fructum
821 1722 925 1752 eum
948 1707 1087 1762 sensi,
1112 1707 1206 1764 qui,
1226 1707 1403 1751 etiamsi
1420 1707 1618 1764 exiguus
1633 1715 1770 1759 esset,
1789 1707 1923 1763 polli-

228 1795 235 1797 ”
272 1784 468 1827 cebatur
489 1784 704 1829 maiorem
726 1784 765 1828 si
786 1785 1003 1841 prolixius
1031 1792 1250 1842 potarem;
1281 1785 1434 1841 itaque
1462 1792 1620 1842 postea
1647 1799 1825 1841 semper
1847 1800 1922 1830 re-

277 1860 396 1904 tinui
417 1860 691 1906 desiderium
721 1862 956 1916 redeundi,
990 1862 1027 1905 si
1055 1862 1227 1907 liceret.
1259 1862 1381 1906 2⁰7
1410 1864 1480 1907 De
1502 1862 1790 1918 eleemosyna
1822 1876 1919 1906 ma—

282 1945 440 1983 tronae
461 1939 640 1996 anglae.
667 1938 790 1983 Hinc
811 1939 1020 1984 venimus
1044 1939 1284 1996 Treujrim.
1315 1940 1323 1998 Ι

1003 2074 1202 2104 TREUIRI

366 2173 456 2217 Hic
477 2173 678 2217 intellexi
705 2173 762 2218 de
793 2172 1048 2216 defectione
1084 2174 1234 2226 Ionae,
1274 2179 1321 2218 et
1357 2174 1480 2230 quod
1514 2173 1638 2216 illum
1673 2172 1917 2230 recepisset

251 2250 447 2305 ,elector
467 2257 514 2295 et
530 2258 732 2295 vteretur
755 2250 1075 2294 concionatore
1097 2251 1131 2304 ²,
1155 2257 1202 2294 et
1224 2251 1239 2272 ⁵

354 2413 362 2433 ¹
414 2411 496 2447 Fol.
517 2411 586 2447 206
603 2424 634 2447 r.
654 2411 708 2447 nil
727 2411 916 2458 scriptum
930 2411 1063 2446 habet.

349 2472 364 2492 ²
414 2470 515 2506 Vide
533 2482 663 2517 supra,
682 2481 774 2517 pag.
798 2468 860 2516 35,
876 2475 1009 2505 annot.
1036 2478 1071 2515 5.

350 2531 364 2551 ³
414 2530 487 2575 Ita,
514 2530 713 2577 inexpleta
730 2529 940 2573 sententia,
960 2529 1122 2577 explicit
1146 2532 1430 2578 autographum
1455 2531 1770 2579 Ephemeridum
1786 2529 1915 2566 Nata-

270 2590 341 2624 lis.
362 2588 548 2636 Sequitur
579 2589 650 2624 fol.
675 2600 828 2635 purum,
847 2588 952 2635 quod
981 2600 1003 2623 a
1028 2595 1140 2635 tergo
1164 2591 1297 2635 habet,
1315 2590 1391 2626 alia
1409 2602 1526 2627 manu
1551 2590 1709 2637 scripta,
1730 2601 1790 2635 ea,
1813 2600 1915 2637 quae

270 2648 447 2684 diximus
462 2647 502 2683 in
519 2648 783 2695 descriptione
800 2647 962 2692 codicis,
980 2649 1063 2684 vol.
1087 2649 1122 2694 1,-
1134 2660 1227 2696 pag.
1251 2658 1384 2687 xxvu.
