2196 3522
966 312 1186 352 APPENDIX
1816 314 1885 364 587

251 415 455 462 venirem
486 416 724 471 Rhomam,
764 418 1005 474 quamdam
1032 417 1342 473 pecuniarium
1369 431 1591 462 summam
1619 433 1712 462 non
1741 419 1886 463 maxi-

254 492 375 520 mam
398 477 519 533 apud
541 477 735 521 amicum
757 478 996 533 quemdam
1025 476 1230 533 deposui.
1272 479 1454 521 Partem
1484 478 1620 522 huius
1649 481 1786 524 Pater
1812 479 1879 525 Si-

255 551 362 580 mon
385 538 448 593 (vt
468 536 588 580 illius
608 536 784 581 litterae
807 535 1077 590 testantur)
1065 551 1113 579 ln
1134 536 1231 592 pios
1255 552 1362 581 Vsus
1383 537 1626 590 conuertit,
1659 546 1704 582 et
1734 539 1886 583 forsan

256 596 429 652 reliqua
450 597 608 640 eodem
629 607 761 652 pacto
783 596 994 649 insumet;
1019 595 1160 639 literis
1183 603 1334 640 tamen
1356 597 1468 641 meis
1496 571 1750 654 signiiicavi
1782 597 1882 655 ipsi,
1937 644 1939 646 ,

256 671 330 700 me
350 670 453 699 aere
465 655 621 700 alieno
641 656 860 708 laborare,
886 669 969 698 nec
992 654 1116 711 prius
1138 670 1210 699 me
1229 656 1348 700 velle
1364 658 1696 712 eleemosynam
1716 658 1880 713 facere,

257 730 392 770 quam
420 715 573 758 debita
603 715 851 759 solvissem.
889 716 991 758 Hoc
1027 714 1263 771 negotium
1298 722 1478 760 vestrae
1515 716 1722 759 charitati
1759 731 1882 760 com-

255 775 419 819 mendo
441 781 490 817 vt
510 774 573 817 illi
594 774 874 831 injungatur,
899 789 957 817 ne
978 773 1023 816 in
1041 773 1153 816 meis
1170 774 1362 831 amplius
1379 774 1488 830 quid
1506 782 1714 829 attentet,
1734 777 1884 821 donec

254 849 281 878 a
304 836 360 878 V.
388 836 442 878 R.
470 835 728 878 facultatem
751 833 974 878 habuerit.
1001 834 1306 889 Expectabam
1329 833 1439 877 alias
1460 835 1678 902 pecunias
1700 835 1810 878 mihi
1829 852 1885 881 ex

253 894 424 950 Anglia
445 893 751 961 remittendas,
776 894 856 937 sed
876 892 1027 936 sintne
1047 891 1227 946 missae,
1252 908 1280 935 v
1284 893 1325 937 el
1347 908 1438 950 quo
1459 894 1506 936 in
1528 901 1649 938 statu
1666 909 1738 939 res
1755 910 1884 941 meae

253 953 358 1006 sint,
399 952 568 998 nescio:
609 952 818 1009 primurn,
858 951 964 1019 quia
993 965 1086 995 non
1116 951 1214 996 sine
1242 952 1446 1008 periculo
1475 953 1671 998 scribere
1699 969 1884 1010 possum

253 1012 351 1056 istis
373 1013 429 1057 de
451 1012 602 1056 rebus:
627 1012 845 1079 secundo,
875 1011 980 1079 quia
1007 1026 1063 1055 ex
1093 1025 1185 1067 quo
1214 1011 1449 1068 ingressus
1476 1027 1576 1056 sum
1606 1013 1882 1060 Societatem

254 1071 430 1116 animus
466 1086 595 1116 meus
632 1072 688 1115 ab
724 1071 822 1115 istis
859 1070 980 1114 curis
1016 1070 1129 1115 liber
1165 1070 1276 1113 mihi
1303 1073 1524 1116 hactenus
1553 1072 1653 1116 fuit.
1689 1074 1883 1118 Tornaci

253 1145 436 1198 quoque
456 1131 502 1174 in
524 1130 716 1187 colleoio
738 1137 895 1174 nostro
917 1130 1139 1186 quaedam
1161 1129 1337 1186 reliqui,
1363 1131 1419 1175 de
1447 1131 1612 1187 quibus
1640 1132 1749 1199 quid
1773 1148 1885 1190 aga-

256 1198 330 1234 tur
351 1190 527 1247 ignoro.
559 1202 625 1244 17.
652 1192 780 1234 Bona
800 1197 845 1234 et
867 1190 1009 1233 multo
1030 1189 1335 1257 commodiore
1356 1204 1491 1245 quam
1524 1205 1627 1234 cum
1656 1192 1702 1236 in
1730 1194 1885 1237 seculo

255 1238 482 1294 viuebam.
514 1251 580 1294 18.
607 1249 775 1294 Omnia
795 1249 880 1292 ista
902 1248 1083 1293 seruaui
1106 1251 1326 1293 hactenus
1347 1257 1393 1293 et
1414 1252 1624 1305 seruabo,
1658 1258 1705 1294 vt
1732 1267 1880 1320 spero.

262 1322 328 1367 19.
354 1311 457 1353 Hoc
478 1309 670 1353 maxime
692 1308 840 1365 cupio.
866 1306 1004 1368 [Sclz.]
1031 1321 1068 1352 1.
1095 1309 1138 1352 A
1162 1308 1328 1352 teneris
1350 1309 1480 1353 annis
1501 1310 1726 1355 enutritus
1751 1312 1848 1355 fui·
1837 1327 1883 1356 1n

255 1369 387 1412 bonis
408 1369 564 1426 literis,
589 1383 643 1413 eo
671 1367 842 1412 scilicet
869 1369 1020 1420 modo,
1052 1382 1142 1424 quo
1170 1369 1316 1411 solent
1342 1369 1547 1414 homines
1575 1370 1661 1414 illis
1690 1370 1735 1413 in
1773 1372 1884 1415 locis

255 1428 460 1481 enutriri,
484 1427 561 1471 vbi
582 1435 848 1485 grassantur
869 1430 1095 1480 haereseS,
1118 1429 1203 1471 hoc
1219 1434 1305 1481 est,
1324 1427 1422 1472 sine
1440 1429 1746 1473 fundamentis
1763 1431 1880 1485 altis,

252 1487 559 1544 perfunctorie
581 1494 627 1530 et
647 1487 791 1532 obiter
814 1486 1082 1543 primoribus
1106 1493 1279 1530 tantum
1304 1488 1441 1531 labris
1458 1488 1755 1543 dialecticam,
1777 1492 1882 1535 rhe-

254 1546 458 1602 toricam,
478 1547 819 1603 philosophiam,
839 1547 1043 1603 linguam
1062 1560 1270 1603 graecam
1287 1555 1333 1590 et
1348 1547 1425 1601 jus
1442 1547 1577 1592 ciuile
1594 1549 1794 1605 gustaui,
1816 1558 1877 1604 et,

253 1613 304 1649 vt
325 1622 433 1651 vere
454 1606 605 1651 dicere
632 1605 815 1663 possim,
841 1606 1009 1662 aliquid
1038 1605 1131 1649 scio
1159 1606 1205 1648 in
1235 1606 1452 1661 quolibet,
1485 1615 1530 1652 et
1558 1608 1669 1651 nihil
1691 1609 1737 1651 in
1767 1617 1877 1653 toto.

255 1678 297 1709 2.
333 1667 459 1710 Bene
486 1666 631 1710 valeo.
665 1679 706 1721 3.
739 1665 962 1722 Quamuis
998 1667 1218 1709 hactenus
1254 1665 1405 1709 animo
1442 1681 1564 1710 eram
1602 1667 1823 1712 alienatus
1855 1684 1881 1713 a

254 1725 458 1770 doctrina
478 1724 761 1782 potissimum
785 1724 1070 1778 scholastica;
1096 1739 1240 1781 nuper
1262 1732 1412 1769 tamen
1431 1741 1502 1770 me
1519 1726 1685 1770 inuasit
1702 1727 1880 1772 deside-

254 1784 371 1828 rium
392 1799 608 1841 magnum
631 1784 775 1828 eidem
799 1784 1051 1836 insistendi,
1078 1791 1123 1828 et
1145 1786 1230 1828 hoc
1252 1784 1523 1828 desiderium
1546 1785 1735 1831 interius
1762 1789 1880 1831 mul—

256 1844 313 1887 tis
340 1843 518 1888 vicibus
544 1843 806 1888 mirabiliter
833 1843 968 1897 sensi,
1005 1843 1063 1887 ita
1093 1845 1214 1911 quod
1245 1845 1536 1889 decreueram
1566 1845 1685 1889 idem
1716 1861 1881 1903 propo-

255 1918 364 1948 nere
395 1903 702 1960 superioribus
729 1902 767 1946 si
795 1904 975 1959 quando
1005 1903 1178 1947 veniret
1206 1903 1331 1946 illis
1320 1919 1367 1947 in
1394 1911 1591 1948 mentem
1622 1921 1693 1950 me
1721 1921 1880 1949 aman-

255 1963 363 2006 dare
384 1964 441 2006 ad
462 1962 598 2006 alium
621 1963 785 2006 locum.
819 1975 862 2017 4.
893 1962 1029 2007 Non
1017 1978 1063 2006 m
1092 1976 1200 2005 arcu
1228 1976 1330 2006 meo
1366 1964 1573 2031 sperabo;
1615 1972 1661 2009 et
1697 1966 1879 2032 gladius

253 2037 382 2066 meus
404 2037 492 2066 non
511 2022 704 2066 saluabit
720 2037 807 2066 me.
828 2023 943 2078 Spes
960 2037 1060 2067 mea
1082 2022 1127 2065 in
1150 2037 1222 2075 eo,
1248 2022 1325 2078 qui
1347 2023 1516 2066 bonum
1539 2023 1740 2068 immittit
1757 2026 1876 2068 desi-

252 2082 446 2135 derium,
466 2081 551 2126 sita
567 2081 667 2135 erit,
687 2081 763 2136 qui
781 2088 940 2137 potens
955 2089 1025 2125 est
1040 2096 1096 2125 ex
1112 2081 1336 2138 lapidibus
1353 2083 1572 2127 suscitare
1595 2083 1710 2127 filios
1728 2086 1878 2128 Abra-

251 2142 352 2186 hae.
386 2152 427 2197 5.
459 2141 805 2196 Aliquantulum
834 2140 1144 2196 promouimus
1171 2148 1216 2185 et
1245 2141 1406 2198 magis,
1438 2149 1487 2184 vt
1515 2157 1665 2198 spero,
1698 2158 1876 2199 promo-

253 2200 461 2244 uebimus
482 2200 528 2243 in
550 2200 647 2244 istis
669 2199 963 2253 scholasticis,
995 2200 1032 2243 si
1061 2201 1240 2244 tandem
1269 2201 1510 2256 aliquando
1538 2203 1655 2246 bene
1686 2205 1877 2247 affectus

252 2274 362 2317 erga
398 2259 497 2303 illas
534 2259 668 2304 fuerit
705 2259 898 2312 animus,
937 2259 1013 2315 qui
1050 2261 1270 2304 hactenus
1308 2262 1439 2316 plane
1481 2276 1669 2304 auersus
1714 2263 1874 2307 fuerat.

253 2319 295 2362 6.
323 2320 432 2365 Sum
458 2319 503 2362 in
527 2319 698 2362 artibus
726 2319 1094 2372 bacchelaureus,
1126 2327 1171 2363 et
1198 2319 1243 2363 in
1266 2319 1371 2375 jure
1401 2334 1610 2364 caesareo
1638 2328 1733 2365 tum
1770 2323 1877 2365 bac-

253 2379 537 2431 chelaureus,
564 2386 659 2421 tum
682 2379 854 2421 doctor.
881 2389 921 2432 7.
948 2377 1160 2421 Filiorum
1185 2386 1254 2422 est
1275 2379 1472 2432 obedire,
1498 2380 1536 2422 si
1558 2380 1742 2436 cupiant
1772 2396 1878 2437 pos-

254 2437 401 2483 sidere
441 2437 800 2481 benedictionem
837 2445 1088 2493 parentum.
1131 2439 1172 2480 8.
1208 2438 1448 2493 Dominus,
1487 2446 1537 2481 vt·
1572 2454 1719 2495 spero,
1760 2441 1878 2484 hanc

255 2496 363 2540 mihi
391 2495 582 2554 gratiam
618 2496 758 2549 dabit,
797 2503 847 2538 vt
875 2496 921 2539 in
950 2496 1158 2540 omnibus
1186 2497 1369 2542 obedire
1396 2498 1546 2542 velim.
1586 2514 1628 2555 9.
1664 2501 1877 2543 Paratum

253 2571 332 2599 cor
351 2571 518 2624 meum,
543 2559 685 2610 Deus,
709 2562 912 2623 paratum
936 2570 1014 2599 cor
1033 2570 1200 2610 meum3
1226 2571 1320 2600 non
1341 2557 1500 2600 dubito
1527 2573 1683 2601 verum
1713 2558 1878 2602 dixisse

256 2616 425 2660 Christi
446 2615 663 2659 vicarium
685 2615 732 2658 in
752 2615 890 2669 initiis
912 2615 989 2670 huj
998 2630 1048 2658 us
1070 2615 1324 2670 Societatis,
1350 2618 1531 2671 quando
1560 2616 1645 2660 ista
1672 2618 1873 2674 protulit:

259 2674 470 2732 «Digitus
491 2675 578 2720 Dei
598 2684 667 2718 est
689 2674 807 2717 hie».
835 2674 928 2732 [1V,
955 2674 1168 2732 756—759]

347 2747 384 2778 Ι.
456 2735 648 2777 Thomas
685 2735 855 2801 Kinge
899 2746 941 2777 2.
967 2734 1141 2789 Viginti
1177 2742 1365 2790 septem.
1400 2748 1440 2790 3.
1475 2736 1655 2791 Anglus
1684 2736 1876 2780 comita-

252 2800 326 2837 tus
360 2795 613 2839 Somersett
649 2800 694 2837 et
722 2793 918 2837 ciuitatis
945 2793 1221 2837 Wellensis..
1234 2805 1317 2848 ..7
1350 2795 1503 2838 Habui
1532 2795 1622 2837 duo
1655 2796 1876 2841 beneficia

252 2852 578 2907 ecclesiastica3
609 2854 711 2906 sed,
742 2860 924 2909 propter
951 2852 1311 2909 persecutionem
1340 2855 1397 2897 ab
1425 2853 1663 2898 haereticis
1692 2855 1870 2910 factam,

250 2913 393 2968 patria
415 2913 585 2966 relicta,
612 2911 909 2968 Antuerpiam
931 2911 1051 2964 veni,
1071 2912 1150 2954 ubi
1171 2926 1272 2955 cum
1291 2912 1389 2968 alijs
1411 2913 1558 2969 anglis
1575 2928 1752 2968 semper
1770 2929 1874 2960 uer-

250 2973 402 3015 sabar.
423 3006 431 3014 .
453 3006 460 3014 .
498 2984 565 3015 12.
590 2973 639 3014 In
663 2972 778 3015 festo
802 2973 1003 3016 Paschae
1019 2970 1335 3015 anno‘Domini
1358 2973 1463 3027 1561
1484 2988 1509 3015 a
1529 2974 1662 3015 Patre
1679 2974 1873 3017 Euerar-

252 3032 326 3084 do,
351 3031 615 3088 prouinciali
640 3030 861 3074 inferioris
882 3030 1169 3083 Germaniae,
1191 3030 1254 3073 fui
1272 3039 1480 3087 receptus
1503 3031 1547 3073 in
1565 3031 1755 3088 collegio
1771 3035 1872 3077 colo

253 3090 399 3136 niensi
425 3098 471 3134 et
507 3092 564 3134 ab
601 3105 655 3135 eo
683 3098 792 3134 tunc
819 3089 1180 3134 examinatus...
1224 3102 1291 3145 14.
1323 3091 1433 3135 Sum
1462 3091 1685 3135 sacerdos.
1730 3103 1792 3148 15.
1823 3095 1873 3138 In
