2196 3522
335 276 406 321 568
955 277 1093 312 EP1sT.
1119 277 1168 312 P.
1199 276 1350 314 NADAL

338 377 498 429 altero,
520 376 716 419 Romae'
705 391 753 419 m
769 376 919 420 domo.
942 375 1010 432 5.⁰
1033 376 1201 420 Docuit
1222 377 1474 422 doctrinam
1490 378 1777 422 christianam
1795 380 1974 435 Tyma-

339 435 454 478 viae.
481 410 550 478 6.⁰
574 434 882 479 Concionatus
905 443 974 480 est
996 435 1238 489 Wiennae,
1264 437 1518 492 Tyrnaviae
1546 444 1592 482 et
1618 439 1737 494 apud
1759 437 1973 481 archidu—

336 509 437 538 cem
459 495 690 537 Carolum.
723 506 790 548 17.
816 494 921 538 Fuit
949 495 1049 538 loco
1077 495 1263 539 rectoris
1292 496 1566 552 Tyrnauiae.
1605 496 1726 554 [Sclz.
1740 498 1753 553 ]
1786 510 1822 540 1.
1848 498 1971 542 Sane

337 553 538 597 incertus
561 560 629 598 est
651 561 764 608 quot
781 554 911 597 annis
932 568 1114 610 operam
1131 554 1271 598 literis
1288 554 1478 609 dederit;
1499 562 1603 598 ante
1624 555 1879 612 ingressum
1898 563 1968 601 ta-

339 627 443 655 men
464 612 509 654 in
529 612 802 657 Societatem
823 615 976 656 rhetor
992 620 1038 658 et
1054 614 1273 657 dialectus
1294 615 1525 669 quondam
1544 614 1642 658 fuit.
1669 617 1718 658 In
1740 615 1967 660 Societate

340 685 466 723 uero,
492 671 677 724 scilicet,
704 673 888 725 Romae,
913 672 1207 728 philosophus
1228 687 1308 729 per
1330 673 1593 725 triennium,
1627 675 1866 731 theologus
1888 688 1968 730 per

339 745 532 783 annum,
569 731 674 785 quia
705 731 826 774 aliud
858 738 1036 788 tempus
1066 731 1201 787 studij
1236 731 1321 774 fuit
1352 731 1416 774 illi
1447 733 1742 789 denegatum.
1764 767 1771 776 .
1793 767 1830 776 ..
1873 732 1964 790 [III‚

342 802 445 846 390,
471 790 572 845 402]

432 861 472 891 1.
545 850 695 892 Vocor
709 849 912 906 joannes
937 851 977 891 T
973 850 1208 892 lzionneus.
1237 862 1282 892 2.
1315 851 1462 894 Natus
1483 864 1584 893 sum
1608 849 1770 906 viginti
1789 857 1879 894 tres
1895 852 1970 895 vel

340 914 535 962 quatuor
557 922 718 951 annos.
753 922 797 963 3.
829 909 973 952 Galus
996 923 1096 951 sum
1124 908 1326 961 natione,
1358 909 1501 965 patria
1531 923 1630 952 mea
1657 916 1726 952 est
1754 909 1972 953 Vindoci-

340 966 496 1019 mium,
522 970 808 1023 episcopatus
829 967 1128 1011 carnotensis.
1150 1002 1158 1010 .
1179 1002 1188 1010 .
1222 979 1267 1022 7.
1300 969 1417 1011 Cum
1441 967 1657 1012 Societati
1678 983 1750 1012 me
1771 968 1891 1022 dedi,
1917 969 1972 1011 li-

341 1025 449 1069 teris
470 1025 516 1068 in
538 1026 767 1070 academia
789 1026 1022 1082 parisiensi
1043 1027 1267 1070 nauabam
1289 1042 1487 1083 operam.
1515 1027 1704 1082 Aliquot
1722 1034 1871 1072 tamen
1889 1042 1973 1070 an-

342 1099 426 1127 nos
454 1092 588 1129 antea
614 1085 661 1127 in
689 1085 967 1142 agricultura
993 1093 1202 1142 parentes
1230 1086 1454 1130 iuueram
1505 1121 1513 1128 .
1558 1099 1628 1129 12.
1656 1088 1756 1144 Jam
1778 1093 1972 1141 quatuor

343 1158 447 1186 cum
476 1143 661 1187 dimidio
687 1145 792 1187 anni
823 1144 1053 1198 abierunt,
1089 1160 1144 1189 ex
1176 1145 1340 1200 quibus
1367 1160 1441 1190 me
1468 1145 1637 1201 recepit
1671 1148 1723 1188 P
1756 1145 1972 1189 Nicolaus

343 1203 575 1255 Bellefille,
598 1203 745 1246 Patris
769 1203 998 1247 Paschasii
1022 1204 1246 1259 quondam
1264 1204 1535 1261 prepositus,
1560 1213 1696 1270 atque
1717 1204 1763 1246 in
1781 1204 1972 1261 collegio

342 1262 598 1318 parisiensi.
619 1297 627 1304 .
650 1297 658 1305 .
696 1275 766 1316 14.
799 1265 895 1307 Nec
917 1264 1142 1316 sacerdos,
1167 1277 1252 1307 nec
1273 1263 1376 1307 ullis
1398 1265 1546 1307 adhuc
1573 1263 1712 1306 sacris
1739 1263 1972 1307 ordinibus

344 1321 548 1364 initiatus
569 1336 684 1364 sum.
718 1332 783 1376 15.
810 1323 860 1364 In
881 1324 968 1365 hoc
990 1329 1165 1365 tantum
1187 1330 1233 1366 et
1254 1322 1446 1379 collegio
1468 1321 1716 1379 parisiensi.
1743 1324 1809 1365 16.
1831 1324 1972 1367 Exer-

346 1380 453 1423 citia
475 1380 721 1436 spiritualia
742 1382 880 1424 semel
901 1381 1087 1425 Lutecie
1109 1381 1243 1425 subii.
1268 1383 1319 1425 In
1340 1382 1556 1425 docendis
1577 1381 1728 1448 pueris
1751 1383 1844 1426 fere
1859 1382 1974 1425 duos

348 1453 491 1482 annos
521 1439 594 1482 hic
623 1454 695 1482 me
721 1439 925 1494 exercui3
958 1447 1094 1507 atque
1125 1440 1479 1484 mortificationis
1507 1440 1652 1498 gratia
1680 1440 1859 1484 Lutetia
1885 1443 1976 1484 huc

346 1497 572 1543 veniendo
600 1499 888 1543 elemosinam
917 1499 1071 1555 petivi.
1104 1511 1174 1554 17
1206 1501 1424 1544 Versatus
1451 1514 1553 1543 sum
1579 1500 1625 1542 in
1653 1499 1974 1556 grammaticis,

346 1557 597 1609 rhetoricis,
622 1558 702 1601 sed
731 1558 938 1602 Lutetiae
966 1558 1011 1601 in
1040 1559 1320 1626 philosophia
1347 1573 1534 1615 graecas
1561 1558 1694 1602 etiam
1723 1566 1768 1602 et
1791 1560 1979 1602 hebreas

344 1616 590 1672 degustaui
610 1616 781 1661 literas.
820 1619 889 1660 18.
923 1619 1041 1661 Vota
1062 1618 1190 1661 emisi
1211 1618 1257 1661 in
1285 1618 1530 1663 Societate.
1567 1619 1655 1674 [III,
1682 1618 1782 1675 745]

442 1688 483 1718 Ι.
555 1677 636 1718 Est
659 1675 766 1719 mihi
788 1691 955 1720 nomen
969 1677 1173 1734 joannes
1195 1679 1481 1733 Zymmerus.
1515 1690 1557 1720 2.
1583 1681 1689 1733 Ago
1720 1676 1898 1719 circiter
1922 1688 1979 1730 24

345 1749 531 1777 annum.
560 1748 605 1789 3.
636 1736 749 1779 Sum
773 1749 1034 1791 germanus,
1059 1737 1267 1791 dyocesis
1288 1736 1486 1793 episcopi
1502 1735 1745 1793 spyrensis.
1773 1748 1838 1790 12.
1860 1737 1979 1780 Sunt

348 1794 376 1836 6
399 1793 505 1836 anni
527 1794 649 1848 quod
671 1809 770 1836 sum
794 1802 1003 1851 receptus
1025 1810 1050 1838 a
1073 1795 1340 1840 Schurichio
1362 1802 1407 1838 et
1430 1798 1565 1839 Patre
1587 1795 1700 1851 (piae
1722 1794 1977 1850 memoriae)

348 1852 578 1906 Cornelio,
604 1854 792 1896 Romae.
815 1887 822 1895 .
844 1888 851 1896 .
891 1867 956 1907 14.
982 1855 1093 1899 Sum
1121 1856 1269 1898 factus
1295 1854 1514 1897 diaconus
1542 1853 1748 1909 Eistadij.
1791 1864 1862 1908 15.
1893 1853 1978 1897 Fui

348 1911 397 1953 in
414 1926 616 1964 romano,
631 1912 930 1967 neapolitano,
945 1913 1195 1967 viennensi,
1209 1920 1254 1957 et
1270 1913 1628 1970 ingolstadiensi,
1642 1920 1686 1956 et
1704 1912 1791 1955 hic.
1817 1913 1977 1971 [Magn]

355 1983 396 2013 Ι.
429 1970 607 2013 Docui
596 1985 685 2013 lam
709 1972 822 2015 forte
846 1984 868 2026 5
893 1987 1054 2015 annos.
1090 1974 1178 2028 [III‚
1210 1982 1310 2030 194-
1319 1973 1413 2030 196]

444 2042 481 2072 Ι.
541 2030 735 2086 Jodocus
759 2031 1009 2074 Caucineus
1030 2045 1181 2075 vocor.
1215 2044 1256 2075 2.
1289 2033 1395 2088 Ago
1422 2045 1564 2074 annos
1593 2032 1658 2087 (ut
1679 2026 1980 2074 verisimiliter

348 2088 579 2144 existimo)
610 2102 665 2143 30
686 2088 863 2133 circiter
889 2091 990 2146 plus
1012 2090 1175 2134 minus.
1215 2104 1256 2157 3,ζ
1288 2092 1399 2135 Sum
1434 2105 1490 2134 ex
1517 2105 1683 2146 magna
1713 2089 1977 2143 Germania,

348 2162 455 2190 auss
471 2149 580 2190 dem
594 2150 742 2192 hohen
767 2150 1110 2203 Teutschlandt,
1130 2149 1363 2205 prouincia
1384 2149 1672 2206 palatinatus,
1692 2150 1980 2205 episcopatus

351 2213 422 2250 est
443 2206 822 2263 moguntinensis,
848 2208 989 2263 patria
1006 2210 1202 2252 Alzea...
1230 2221 1295 2252 12.
1318 2210 1455 2266 Quod
1472 2208 1536 2251 fui
1554 2208 1597 2250 in
1619 2208 1891 2253 Societatem
1908 2222 1982 2251 re-

350 2273 512 2321 ceptus
535 2272 644 2321 puto
667 2280 766 2310 esse
788 2274 891 2309 octo
911 2282 1053 2310 annos
1074 2268 1175 2324 plus
1197 2267 1368 2322 minus,
1392 2268 1466 2312 vel
1494 2268 1626 2323 paulo
1653 2267 1823 2309 diutius
1847 2281 1981 2321 quam

351 2325 510 2367 doctor
533 2325 703 2367 Paulus
724 2332 871 2368 rector
893 2326 1168 2371 viennensis:
1193 2334 1398 2370 versatus
1419 2341 1519 2370 sum
1541 2326 1587 2368 in
1604 2327 1736 2369 domo
1754 2325 1975 2382 probatio--

352 2382 438 2426 nis:
466 2385 601 2426 Pater
623 2384 859 2427 Cornelius
882 2386 1093 2440 probauit
1113 2392 1159 2428 et
1180 2385 1401 2442 persuasit
1418 2385 1527 2427 mihi
1542 2385 1799 2428 institutum
1823 2384 1980 2429 Socie—

354 2442 474 2485 tatis:
501 2444 642 2486 Rdus.
668 2450 824 2486 noster
848 2446 981 2487 Pater
1002 2444 1204 2501 Ignatius
1226 2444 1540 2489 annumeravit
1568 2460 1640 2489 me
1669 2444 1762 2487 suis
1784 2444 1908 2499 filijs;
1934 2450 1980 2486 et

353 2501 498 2557 primo
515 2502 604 2554 die,
631 2503 812 2557 quando
836 2503 938 2546 veni
959 2505 1170 2557 Romam,
1196 2505 1344 2547 adhuc
1365 2503 1628 2555 saecularis,
1665 2502 1886 2558 quaesivit
1907 2516 1981 2544 me

354 2575 433 2616 per
457 2561 674 2603 famulum
696 2575 829 2603 suum
851 2562 1115 2617 inuenitque
1135 2563 1182 2606 in
1201 2564 1364 2618 platea,
1390 2577 1478 2618 qua
1500 2562 1590 2604 itur
1612 2563 1668 2605 ad
1688 2564 1746 2605 D.
1774 2564 1977 2612 Petrum,

353 2626 400 2662 et
424 2619 620 2663 uidendo
647 2620 930 2675 prophetauit
954 2624 1087 2665 Pater
1115 2622 1318 2678 Ignatius
1340 2637 1413 2666 me
1440 2621 1680 2676 aliquando
1708 2622 1804 2663 fore
1826 2620 1981 2665 Socie—

310 2727 313 2730 ⁴
355 2678 475 2730 tatis,
507 2678 820 2721 huiuscemodi
846 2680 1013 2723 uerbis:
1058 2680 1475 2737 «Congratulamini
1512 2680 1621 2722 mihi
1640 2714 1649 2733 ,
1689 2679 1793 2734 quia
1828 2678 1984 2722 inueni

354 2751 489 2780 ouem
512 2751 656 2780 meam
680 2746 725 2781 et
746 2738 891 2781 maius
914 2746 982 2783 est
1005 2739 1247 2806 gaudium»
1274 2746 1358 2784 etc.
1388 2752 1454 2794 13.
1478 2742 1613 2783 Pater
1629 2746 1783 2782 noster
1799 2737 1987 2794 prouin—

354 2795 482 2838 cialis
504 2803 573 2840 est
596 2811 724 2839 meus
745 2796 937 2851 villicus;
963 2798 1104 2854 petite
1125 2800 1181 2841 ab
1203 2798 1279 2842 illo
1301 2806 1352 2841 ut
1373 2799 1450 2842 det
1471 2813 1580 2842 suae
1598 2797 1893 2841 Reverentiae
1913 2810 1988 2838 ra

357 2854 527 2898 tionem
551 2855 847 2898 uillicationis
880 2869 946 2910 14.
973 2859 1214 2900 Promotus
1243 2872 1343 2900 sum
1374 2857 1421 2899 in
1448 2856 1677 2901 Societate
1705 2858 1762 2899 ad
1784 2855 1986 2898 ordinem

355 2909 720 2957 sacerdotalem.
724 2927 741 2957 1
750 2924 790 2968 5
811 2916 862 2957 In
879 2915 1069 2971 collegio
1086 2915 1459 2972 angi10stadiensi
1475 2915 1729 2972 prouintiae
1747 2913 1980 2958 Bauariae.

363 2972 429 3014 16.
463 2985 499 3015 Ι.
525 2973 631 3016 Feci
654 2972 868 3017 exercitia
889 2974 1159 3042 spiritualia,
1191 2990 1306 3031 quae
1333 2981 1538 3031 spectant
1560 2975 1617 3017 ad
1643 2971 2002 3030 poenitentiam,

357 3031 416 3073 ad
432 3037 740 3088 contemptum
763 3033 935 3086 mundi,
961 3034 1018 3077 ad
1041 3033 1248 3077 timorem
1269 3033 1371 3087 Dei,
1397 3034 1454 3076 ad
1475 3035 1706 3076 horrorem
1724 3039 1768 3076 et
1785 3033 1984 3075 detesta-
