2196 3522
976 287 978 289 >
993 280 1084 318 1555
1810 271 1857 308 31

217 374 302 421 stri
323 375 335 398 ²
353 370 514 418 itinere
531 373 879 418 Barchinonam.
900 376 951 418 In
967 374 1163 431 hospitio
1179 388 1407 419 summum
1429 374 1681 432 periculum
1698 389 1725 419 a
1741 374 1861 432 pira·

222 452 281 496 tis
301 466 406 496 cum
429 452 637 496 Tablare.
661 452 774 495 -Inde
793 451 1046 509 periculum
1068 452 1252 508 quidem
1279 452 1447 506 minus,
1472 446 1678 496 summus
1706 459 1860 497 tamen

224 536 374 575 metus
402 529 449 572 in
481 536 635 574 monte
661 530 871 583 Garrafo,
905 536 952 573 et
978 529 1242 586 praesertim
1270 530 1492 583 Tablaris,
1523 529 1618 586 qui,
1648 537 1743 586 etc...
1770 529 1861 574 Vix

226 605 496 664 tempestiue
513 606 619 650 veni
635 614 684 650 vt
705 621 885 663 possem
908 607 1214 650 conscendere
1237 606 1456 651 triremes:
1482 606 1529 650 in
1546 607 1645 664 ipso
1666 621 1860 653 ascensu

226 690 459 742 praeceps,
484 684 736 740 periculum
758 699 817 728 ne
837 683 885 727 in
906 698 1029 728 mare
1050 684 1275 728 caderem.
1303 684 1538 729 soluimus
1558 699 1615 728 ex
1638 684 1862 742 Hispania

224 762 272 806 in
287 761 362 806 die
378 763 427 807 S.
450 761 699 806 Michaelis.
721 763 832 805 Post
848 760 1110 814 Massiliam,
1129 775 1241 804 seua
1257 768 1356 804 orta
1373 768 1658 818 tempestate,
1672 762 1861 819 dissipa-

227 839 294 883 uit
315 840 404 883 40
427 839 647 893 triremes,
671 846 760 883 etc.
786 838 1064 891 Periculum,
1091 839 1214 893 quod
1240 837 1288 880 in
1316 853 1422 882 eum
1449 838 1600 882 locum
1631 839 1861 883 tenuimus

226 916 421 973 primum
443 923 639 973 portum,
663 917 786 961 vnde
805 915 950 973 pridie
965 915 1236 960 discesserat
1252 915 1409 959 classis
1425 917 1665 973 gallorum.
1688 917 1863 960 Horror

222 1000 273 1038 et
294 1001 444 1038 metus
465 1001 515 1036 vt
534 994 699 1039 vellem
721 992 904 1037 omnino
925 993 1219 1037 descendere.
1241 992 1463 1037 Venimus
1485 994 1671 1037 Ienuam
1695 993 1710 1014 ’
1735 993 1862 1038 inco-

227 1072 374 1115 lumes
389 1085 563 1116 omnes.
584 1072 686 1128 Ego
709 1077 861 1114 tamen
877 1070 1123 1113 admodum
1141 1069 1337 1114 afflictus
1354 1085 1411 1114 ex
1427 1069 1735 1128 nauigatione.
1750 1070 1865 1116 Inde

230 1149 420 1192 Romam
442 1162 548 1191 cum
569 1146 742 1203 aliquot
758 1146 1000 1191 coronatis:
1021 1146 1219 1202 reliquos
1235 1146 1440 1191 misimus
1456 1162 1537 1205 per
1552 1147 1727 1192 litteras
1743 1162 1865 1193 mer-

228 1232 451 1269 catorum.
477 1223 614 1269 Volui
641 1223 865 1281 proficisci
886 1223 1144 1268 deuotionis
1171 1238 1284 1281 ergo
1311 1225 1583 1278 Lauretum;
1614 1226 1695 1269 sed
1722 1239 1864 1282 quum

230 1310 416 1360 vrgeret
438 1305 490 1347 P.
517 1301 723 1366 Ignatius
744 1308 794 1359 vt
809 1301 1028 1346 continuo
1044 1309 1090 1346 et
1106 1309 1231 1346 recta
1248 1303 1435 1346 Romam
1452 1302 1671 1356 venirem,
1691 1317 1783 1347 non
1801 1302 1866 1346 fui

229 1395 386 1425 ausuS.
416 1380 424 1439 Ι
451 1379 541 1425 Hic
555 1379 649 1424 vidi
667 1382 719 1424 P.
741 1381 936 1436 Laynes,
957 1379 1034 1435 qui
1051 1379 1407 1423 concionabatur
1427 1394 1596 1437 magna
1616 1395 1720 1424 cum
1744 1381 1865 1426 cele-

230 1457 394 1502 britate
415 1464 461 1501 et
482 1458 650 1502 fructu.
675 1457 742 1501 Ibi
767 1457 874 1501 fecit
895 1459 1186 1514 Xpophorus.
1213 1458 1439 1514 Mendoca
1460 1465 1564 1501 vota
1588 1470 1632 1512 4;
1655 1457 1776 1511 fecit,
1795 1458 1868 1501 in-

228 1535 347 1591 quit,
371 1548 400 1590 4
421 1542 528 1579 vota
549 1533 663 1594 [sic].
1234 1542 1238 1546 ”

320 1656 389 1700 41
676 1656 851 1700 Romu:
884 1670 946 1700 Ex
983 1656 1241 1711 HstANJA,
1268 1670 1416 1700 PRmo

226 1817 236 1819 ⁴
322 1768 441 1814 Veni
469 1770 713 1813 admodum
741 1775 901 1826 gratus
931 1770 984 1812 P.
1019 1768 1211 1826 Ignatio.
1249 1769 1516 1826 Syndicatio
1543 1785 1600 1814 ex
1628 1769 1866 1827 Hispania:

237 1850 383 1893 «seria
402 1847 556 1891 bueno
576 1861 685 1904 para
706 1846 898 1899 medico,
923 1846 1098 1899 bonito,
1124 1846 1330 1904 gratioso
1352 1862 1382 1904 y
1403 1847 1510 1892 bien
1531 1849 1742 1902 hablado;
1774 1862 1872 1892 mas

235 1926 278 1968 le
300 1928 579 1982 querriamos
615 1931 716 1968 otra
751 1938 880 1968 vez.»
921 1923 1153 1968 Tablares:
1197 1925 1306 1970 «Sat
1341 1925 1548 1970 celeriter
1585 1925 1872 1983 nauigabunt

195 2007 198 2010 ’
236 2001 442 2046 triremes
458 2000 704 2058 sinauigat
721 2000 768 2044 in
784 2000 871 2044 illis
887 2000 1105 2045 Natalis.»
1127 2002 1388 2046 Lodouicus
1401 2003 1631 2058 Goncales
1647 2001 1866 2047 minister.

233 2077 458 2135 Loquitur
482 2080 535 2122 P.
562 2079 661 2136 Ign.
688 2077 736 2122 in
758 2077 903 2135 primo
927 2085 1034 2122 tono
1057 2079 1090 2122 ³.

1001 2212 1115 2246 1555

324 2311 482 2356 Voluit
514 2313 568 2355 P.
599 2311 806 2369 Ignatius
842 2326 915 2356 me
943 2311 1115 2369 eligere
1140 2311 1377 2367 vicarium,
1408 2312 1487 2369 qui
1514 2312 1641 2357 illum
1668 2312 1874 2358 iuuarem

234 2390 285 2433 in
307 2388 656 2447 gubernatione,
680 2395 865 2446 propter
891 2388 898 2447 Ι
925 2388 1148 2432 infirmam
1170 2389 1494 2435 valetudinem.
1516 2390 1684 2435 Nescio
1705 2404 1795 2448 ego
1816 2405 1874 2434 an

240 2480 371 2510 suam
389 2466 672 2511 voluntatem
693 2465 997 2523 significasset
1018 2466 1328 2511 conuenturis.
1355 2467 1458 2511 Hoc
1485 2467 1596 2521 scio,
1622 2467 1744 2524 quod
1765 2481 1877 2511 con-

237 2622 278 2657 el
295 2620 455 2668 agravio
473 2621 562 2656 non
575 2621 668 2657 Luis
684 2621 734 2657 de
751 2622 996 2670 Requesens‚
1015 2633 1091 2670 que
1110 2627 1247 2658 estava
1264 2634 1315 2658 en
1339 2634 1386 2660 su
1408 2634 1513 2660 casa:
1541 2624 1657 2660 llamo
1682 2625 1706 2659 a
1722 2634 1790 2659 sus
1806 2621 1879 2658 Pa-

238 2680 387 2717 rientes
404 2692 431 2727 y
450 2680 629 2727 Amigos‚
646 2693 723 2728 que
740 2692 815 2717 con
830 2681 979 2728 grande
997 2682 1153 2729 sequito
1170 2682 1461 2719 determinaron
1475 2688 1607 2720 entrar
1619 2693 1670 2719 en
1688 2683 1745 2719 las
1762 2681 1881 2719 Gale-

234 2752 301 2776 ras
318 2739 367 2776 de
386 2739 592 2776 Mendoza.
615 2739 770 2776 Viendo
787 2742 824 2778 el
841 2741 1036 2778 disturbio
1053 2743 1089 2778 el
1108 2742 1264 2789 Virrey,
1278 2742 1421 2779 mando
1434 2742 1599 2779 detenet
1611 2753 1662 2779 en
1675 2754 1722 2779 su
1735 2741 1880 2779 Galera

234 2811 260 2835 a
273 2798 478 2845 Mendoza,
497 2800 533 2835 al
551 2799 839 2847 Comendador,
856 2802 893 2836 al
911 2799 1048 2837 Conde
1065 2800 1115 2837 de
1137 2802 1310 2848 Aytona,
1333 2813 1361 2849 y
1384 2813 1407 2838 a
1426 2814 1473 2838 su
1497 2813 1642 2848 suegro
1659 2802 1710 2838 D.
1730 2801 1878 2848 Miguel

237 2859 372 2896 Gralla
389 2870 439 2896 en
457 2870 523 2894 sus
541 2869 666 2894 casas:
686 2859 850 2896 Recibio
867 2859 1123 2897 informacion
1144 2860 1208 2897 del
1234 2872 1411 2909 sucesso,
1429 2874 1457 2909 y
1474 2861 1669 2898 remitiola
1686 2862 1723 2897 al
1742 2861 1882 2908 Cesar,

237 2931 267 2966 y
284 2920 320 2955 al
338 2919 559 2966 Principe.»
579 2919 708 2955 FELIU
724 2927 781 2955 DE
794 2929 849 2955 LA
866 2920 1003 2956 PENA.
1026 2921 1178 2957 Anates
1190 2921 1238 2957 de
1259 2919 1480 2964 Catuliana,
1500 2921 1572 2968 111,
1594 2919 1674 2968 193.

318 2980 329 3001 ¹
380 2978 478 3022 Ms.,
499 2978 677 3014 terresti.

317 3040 332 3061 ²
383 3037 464 3084 Sic,
482 3048 552 3085 pro
573 3037 774 3081 Genuam,
792 3038 856 3074 hie
869 3044 911 3075 et
927 3039 1036 3075 alibi.

320 3099 335 3118 ⁵
385 3097 486 3133 Vide
501 3098 616 3145 paulo
633 3096 811 3144 inferius,
830 3099 871 3134 et'
888 3103 1022 3134 annot.
1037 3106 1097 3144 77.
