2196 3522
1002 285 1016 311 1
1024 284 1095 322 554
1818 286 1864 322 29

309 379 448 435 Rojas
470 379 545 423 cui
566 379 642 423 hic
663 379 870 436 superior
903 382 932 433 ¹,
958 379 1055 436 ipse
1082 393 1176 422 non
1202 386 1272 422 sat
1301 379 1461 422 firmus
1482 377 1531 423 in
1552 378 1812 433 vocatione,
1839 395 1865 423 a
1928 400 1932 402 *

221 471 313 519 qua
333 463 492 514 postea
512 456 740 511 discessit,
764 457 847 502 sed
867 457 1036 515 agebat
1055 455 1238 500 interim
1254 457 1375 500 bona
1390 456 1497 501 fide.
1524 455 1613 513 Egi
1634 457 1692 500 de
1713 471 1863 514 nego-

221 533 295 578 cio
316 533 526 578 dominae
548 535 798 587 Aldonsae,
823 541 870 579 et
891 534 991 580 eius
1012 533 1273 578 donatione:
1298 533 1391 577 dixi
1420 535 1475 577 P.
1505 533 1736 591 Ignatium
1758 549 1860 579 ces-

221 611 338 656 sisse
359 611 612 666 donationi;
636 619 684 656 et
706 619 859 656 tamen
879 613 938 656 ad
953 611 1080 655 illum
1096 626 1169 655 me
1190 612 1404 655 daturum
1421 610 1592 666 literas,
1613 618 1703 656 etc.
1724 613 1867 656 Erant

223 688 357 746 pauci
372 689 437 732 illi
447 689 591 733 nostn’
608 689 1038 741 incommodissime,
1058 689 1141 733 sed
1154 687 1422 732 confirmaui
1434 689 1586 732 locum
1600 703 1697 733 non
1712 689 1865 735 deser·

224 773 369 811 turos:
402 766 448 810 id
475 782 549 812 me
577 774 844 811 curaturum
865 767 987 823 apud
1017 768 1068 810 P.
1096 765 1340 822 Ignatium.
1371 765 1378 823 Ι
1406 765 1593 811 Retinui
1621 766 1862 823 quemdam

220 844 424 897 fratrem,
449 844 527 901 qui
550 845 698 888 fuerat
720 843 904 901 quidem
925 843 1129 895 eremita,
1155 844 1237 887 sed
1259 857 1351 886 non
1373 857 1478 886 curn
1502 845 1757 888 monachali
1779 847 1863 889 ha—

221 921 337 975 bitu,
363 929 451 967 etc.
478 923 588 966 Inde
617 920 807 966 discessi
830 921 1081 965 Cuencam.

314 1077 392 1122 :35
927 1077 1164 1120 CUENCHE

314 1233 379 1277 Ibi
408 1239 615 1290 praeerat
642 1232 845 1276 Alonsus
874 1231 1113 1288 Lopezius.
1148 1230 1236 1289 Egi
1258 1245 1364 1275 cum
1390 1232 1613 1275 canonico
1642 1248 1668 1276 a
1698 1235 1860 1286 Puteo,

225 1325 331 1354 curn
354 1317 505 1355 tamen
526 1316 683 1367 postea
711 1308 798 1352 fuit
826 1315 1028 1352 mutatus
1056 1308 1250 1362 animus;
1276 1322 1436 1352 verum
1458 1308 1740 1353 obtinuimus
1766 1309 1865 1355 eius
1880 1323 1889 1333 ‘

224 1389 425 1440 domum,
450 1386 526 1430 vbi
547 1385 796 1430 canonicus
819 1385 1055 1430 Marchina
1081 1385 1341 1430 aedificauit
1361 1385 1622 1443 collegium.
1649 1386 1736 1444 Egi
1759 1401 1863 1432 cum

222 1466 412 1510 doctore
440 1466 647 1522 Vergara
674 1464 690 1485 ²
705 1449 776 1508 ‘de
810 1462 1111 1520 applicatione
1133 1463 1575 1520 praestimoniorum,
1594 1471 1641 1508 et
1663 1472 1712 1508 vt
1732 1464 1864 1511 viue-

220 1549 323 1588 rent
343 1541 443 1587 eius
463 1548 671 1598 nepotes,
695 1555 789 1585 non
810 1554 915 1584 cum
936 1541 1120 1594 nostris,
1151 1541 1231 1585 sed
1258 1540 1306 1584 in
1328 1541 1531 1597 proxima
1558 1540 1707 1585 dorn'o.
1740 1542 1864 1586 Visi—

221 1619 333 1674 taui‚
357 1626 446 1664 etc.
473 1620 583 1664 Inde
605 1618 710 1664 veni
734 1618 990 1663 Valentiam
1014 1620 1046 1661 ⁵.

313 1776 396 1820 :36
901 1776 1190 1818 VALENTIAE

311 1932 378 1976 lbi
406 1940 612 1989 praeerat
641 1933 694 1975 P.
728 1931 935 1988 Baptista
964 1930 1240 1975 Barmensis.
1273 1930 1486 1983 Visitaui‚
1512 1938 1600 1975 etc.
1632 1930 1862 1975 Constitui

223 2011 281 2056 de
303 2011 496 2056 emenda
518 2000 722 2066 proxima
741 2009 892 2052 domo.
914 2008 1002 2066 Egi
1017 2022 1123 2052 cum
1141 2007 1371 2060 Verdolai‚
1393 2007 1473 2064 qui
1489 2021 1582 2052 non
1598 2008 1750 2051 adhuc
1766 2016 1864 2052 erat

223 2095 446 2141 maturus,
472 2088 554 2132 sed
576 2101 718 2143 quum
738 2085 1034 2131 maturuisset
1056 2091 1215 2142 postea
1236 2092 1283 2130 et
1304 2084 1467 2130 fuisset
1483 2091 1712 2142 receptus,
1731 2084 1865 2141 redijt

223 2172 322 2209 tum
343 2166 401 2210 ad
422 2179 556 2208 suum
579 2162 855 2217 institutum;
880 2163 1109 2208 adeo-non
1129 2163 1301 2207 cedunt
1317 2163 1436 2207 bene
1451 2161 1499 2205 in
1515 2161 1752 2206 monachis
1767 2161 1864 2205 dis-

222 2241 528 2300 pensationes.
550 2243 727 2287 Omnes
743 2242 839 2285 fere
855 2241 1155 2298 aegrotabant
1171 2255 1198 2285 e
1214 2241 1440 2284 catarrho.
1462 2241 1563 2297 Ego
1579 2253 1685 2283 cum
1706 2238 1866 2283 simili-

225 2327 295 2366 ter
315 2326 617 2378 aegrotarem,
648 2325 801 2363 tamen
829 2317 981 2362 omnia
1011 2317 1210 2371 obibam,
1235 2318 1357 2360 vnde
1383 2331 1411 2361 a
1436 2317 1633 2372 quadam
1660 2323 1867 2360 matrona

226 2396 437 2454 primaria
453 2397 485 2440 ⁴:
510 2411 603 2441 non
618 2403 690 2441 est
704 2395 825 2441 enim
841 2395 951 2439 vtile
967 2401 1018 2438 vt
1033 2394 1124 2438 sint
1140 2395 1257 2439 adeo
1270 2393 1446 2438 robusti
1459 2393 1732 2450 superiores.
1754 2393 1864 2437 Col-

227 2474 322 2531 legi
346 2474 447 2518 illos
483 2485 595 2530 1500
629 2484 695 2527 Δ,
725 2473 733 2532 Ι
760 2487 875 2530 quos
903 2472 987 2516 tuli
1014 2473 1205 2516 Romam
1233 2485 1338 2515 cum
1366 2478 1623 2515 commeatu
1650 2469 1866 2528 principis

230 2551 397 2596 sororis
434 2550 654 2608 Philippi,
693 2565 834 2607 quae,
864 2556 1046 2594 mortuo
1082 2547 1262 2602 marito,
1293 2548 1497 2606 principe
1535 2547 1861 2604 Portugalliae,

228 2629 517 2687 gubernabat
538 2627 806 2684 Hispaniam
829 2629 861 2671 ⁸.

298 2811 307 2831 ¹
358 2807 425 2844 Sic
447 2807 671 2855 perspicue.
706 2807 889 2860 Fortasse
913 2808 1040 2844 voluit
1069 2812 1205 2844 auctor
1235 2806 1422 2842 scribere:
1455 2807 1521 2842 cui
1550 2806 1613 2841 hic
1642 2804 1865 2852 superioris

223 2879 373 2905 munus
389 2867 644 2904 commissum
653 2865 816 2914 suerat.

295 2930 312 2951 ²
361 2927 453 2974 Ms.‚
481 2927 638 2975 Varga.

297 2989 312 3009 ³
354 2987 428 3023 Nil
447 2986 637 3034 scriptum
655 2990 717 3022 est
733 2985 775 3022 in
790 2984 865 3022 fol.
887 2985 933 3031 35
951 2998 995 3022 v.

298 3050 314 3070 ⁴
363 3046 445 3095 Sic,
463 3045 662 3083 sententia
678 3044 927 3092 imperfecta.

301 3109 317 3131 ⁸
362 3105 454 3144 Fol.
477 3104 524 3151 37
540 3117 573 3141 r.
593 3115 760 3140 vacuum
774 3104 957 3141 relictum
970 3101 1052 3140 est.

375 3177 489 3211 Eun.
509 3176 549 3207 P.
567 3175 704 3213 ΝΑυΑι,
723 3182 800 3205 τοι.
820 3173 863 3204 11.
1545 3173 1562 3199 4
