2196 3522
943 205 1163 246 Appssnmx
1795 209 1864 247 611

977 395 1042 439 IX
1071 396 1115 453 (b

797 489 1038 537 JOANNES
1063 491 1295 529 RHETIUS

662 585 711 610 ex
728 573 1003 611 commissione
1020 575 1065 611 P.
1084 574 1277 611 Leonardi
1295 576 1435 612 Kessel

775 666 918 698 PATRI
940 666 1122 708 JACOBO
1145 667 1321 698 LAINEZ

614 742 831 787 Coloniae
844 776 854 796 ,
896 755 920 786 2
959 742 1241 800 Septembris
1285 744 1394 799 1562
1439 746 1467 787 ¹.

480 833 602 870 Gesta
617 832 779 868 Natalis
795 832 838 868 in
857 832 1018 880 collegii
1034 832 1269 869 coloniensis
1281 833 1614 880 perlustratione.

322 913 674 967 ...Posteaquam
697 909 963 954 Reverenda
985 908 1242 953 Paternitas
1264 910 1380 963 Tua,
1405 909 1630 966 generalis
1647 910 1859 955 commis-

228 970 374 1014 sarius
395 972 450 1015 R.
477 972 529 1015 P.
561 969 868 1026 Hieronymus
896 968 1086 1021 Natalis,
1126 975 1172 1013 et
1208 983 1312 1012 cum
1334 983 1389 1013 eo
1428 971 1482 1013 R.
1520 971 1572 1013 P.
1600 971 1859 1014 Euerardus

230 1029 542 1075 Mercurianus
562 1028 866 1086 prouincialis,
897 1028 1207 1072 Reverendam
1238 1028 1563 1072 Paternitatem
1593 1030 1738 1072 Tuam
1767 1045 1858 1074 non

228 1089 291 1133 ita
311 1089 389 1133 diu
411 1096 512 1146 post
531 1087 779 1140 subsecuti,
803 1089 890 1131 hoc
912 1094 1114 1131 nostrum
1137 1087 1381 1145 collegium
1394 1088 1656 1142 visitarunt,
1677 1103 1856 1133 rursum

229 1163 386 1193 omnes
405 1155 513 1193 vota
528 1163 611 1192 sua
632 1149 730 1192 Deo
751 1148 1028 1199 obtulerunt,
1052 1146 1171 1191 inter
1186 1162 1301 1203 quos
1319 1154 1414 1191 tum
1432 1160 1460 1202 4
1478 1148 1662 1192 fuerunt
1677 1148 1854 1202 nouitii,

229 1208 307 1264 qui
328 1209 451 1252 nulla
473 1215 577 1253 ante
598 1214 705 1252 vota
725 1206 982 1251 emiserant.
1010 1209 1067 1251 Et
1088 1214 1239 1251 autem
1262 1209 1311 1251 R.
1339 1209 1392 1251 P.
1424 1207 1760 1252 commissarius
1782 1209 1855 1252 hic

230 1274 321 1312 tres
342 1267 612 1325 septimanas
633 1273 932 1310 conuersatus
953 1281 1122 1323 magno
1143 1273 1267 1311 certe
1283 1266 1465 1323 collegii
1481 1268 1618 1321 bono,
1638 1274 1685 1311 et
1701 1275 1855 1311 nostra

228 1327 556 1381 consolatione3
586 1341 783 1382 vereque
813 1333 1052 1383 paternum
1080 1340 1213 1369 suum
1241 1340 1351 1383 erga
1379 1341 1462 1369 nos
1490 1333 1535 1371 et
1565 1334 1703 1370 totam
1733 1327 1853 1372 Ger—

228 1387 422 1430 maniam
444 1386 644 1430 animum
665 1385 926 1430 declarauit.
954 1385 1254 1442 Quotidianas
1275 1387 1604 1442 propemodum
1622 1387 1678 1430 de
1696 1386 1854 1432 Socie-

228 1446 333 1491 tatis
352 1445 560 1490 instituto
580 1445 822 1491 conciones
843 1445 901 1488 ad
919 1447 1078 1490 Patres
1100 1452 1146 1490 et
1168 1446 1327 1489 fratres
1349 1445 1525 1500 habuit,
1549 1453 1595 1489 et
1617 1446 1854 1489 conuicto-

228 1521 300 1551 res
328 1507 386 1549 ad
412 1505 594 1549 virtutis
623 1511 670 1549 et
695 1504 874 1562 pietatis
902 1504 1051 1554 studia
1077 1505 1213 1549 etiam
1241 1511 1311 1548 est
1338 1506 1617 1549 adhortatus.
1652 1505 1854 1549 Plurima

227 1571 458 1622 praeterea
480 1564 824 1622 prudentissime
845 1563 1095 1618 constituit,
1115 1571 1162 1610 et
1177 1564 1328 1608 omnia
1348 1565 1406 1609 ad
1428 1564 1642 1621 optimam
1662 1564 1853 1609 formam

228 1624 420 1681 redegit.
446 1626 652 1682 Quorum
669 1624 1036 1680 exequendorum
1053 1623 1200 1681 gratia
1216 1630 1318 1680 post
1335 1623 1433 1668 eius
1449 1623 1700 1669 discessum
1719 1626 1772 1668 R.
1796 1626 1849 1669 P.

229 1683 533 1744 prouincialis,
557 1699 638 1728 sex
658 1685 807 1728 adhuc
833 1683 930 1729 dies
960 1684 1080 1740 apud
1107 1698 1190 1727 nos
1218 1683 1449 1736 remansit,
1475 1691 1520 1727 et
1548 1684 1643 1727 suis
1671 1698 1853 1740 quoque

229 1743 511 1788 sermonibus
527 1743 700 1787 animos
721 1750 767 1788 et
788 1742 995 1801 spiritum
1017 1742 1064 1786 in
1080 1743 1246 1787 nostris
1262 1743 1402 1787 auxit.
1426 1745 1567 1786 Porro
1584 1745 1638 1787 R.
1661 1745 1713 1787 P.
1736 1745 1853 1788 Leo-

230 1804 414 1858 nardus,
439 1810 592 1847 noster
612 1802 816 1860 superior
837 1809 960 1846 totus
986 1803 1120 1846 modo
1149 1802 1196 1845 in
1223 1804 1311 1847 hoc
1333 1802 1569 1855 incumbit,
1606 1810 1656 1845 ut
1682 1803 1853 1846 consti-

231 1870 327 1907 tuta
347 1877 428 1919 per
449 1864 504 1907 R.
538 1865 594 1906 Ρ.
631 1861 988 1906 commissarium
1021 1862 1068 1905 in
1099 1877 1231 1906 vsum
1254 1863 1475 1914 traducat,
1515 1863 1755 1918 locumque
1781 1877 1853 1906 re-

228 1921 447 1967 creationi
477 1922 664 1965 fratrum
702 1929 857 1979 aptum
894 1922 1117 1975 aedificat;
1150 1922 1310 1966 fratres
1345 1928 1496 1964 autem
1525 1921 1569 1964 in
1605 1921 1853 1978 disciplinis

228 1981 458 2034 faciendis,
484 1997 510 2025 a
530 1981 696 2037 quibus
717 1981 915 2038 quidam,
941 1981 1203 2038 praesertim
1226 1981 1447 2038 germani,
1472 1982 1664 2024 multum
1688 1983 1852 2024 abhor-

226 2049 342 2094 rent,
366 2040 430 2084 ita
450 2041 756 2097 profecerunt,
780 2047 832 2084 ut
859 2041 1030 2086 alacres
1058 2047 1272 2098 expetant
1300 2048 1346 2086 et
1371 2040 1563 2086 libenter
1585 2040 1849 2099 suscipiant;

223 2099 315 2145 imo
337 2099 540 2157 quotidie
560 2101 652 2144 duo
673 2114 751 2144 eas
778 2099 965 2145 faciunt.

970 2250 1034 2293 IX
1063 2250 1103 2307 (c

638 2338 690 2374 P.
723 2337 1000 2374 ANNIBAL
1039 2339 1121 2376 DU
1156 2337 1444 2376 COUDREY

765 2423 906 2455 PATRI
937 2425 1119 2465 JAcosso
1141 2425 1317 2455 LAlNEz

670 2493 866 2547 Billioni‚
908 2504 932 2549 5
972 2494 1188 2539 Octobris
1225 2496 1334 2551 1562
1372 2496 1405 2539 ².

323 2612 332 2621 .
353 2613 362 2621 .
383 2578 579 2637 ‚Jeiunia
600 2578 734 2623 etiarn
766 2577 812 2620 in
840 2579 928 2622 hoc
949 2578 1156 2623 instituta
1192 2587 1294 2636 post
1328 2580 1576 2624 discessum
1614 2580 1713 2622 RR.
1754 2579 1847 2621 PP.

225 2637 401 2682 Natalis
421 2644 468 2682 et
490 2637 722 2682 Paschasii
743 2651 800 2681 ex
820 2638 906 2681 hac
925 2639 1052 2691 vrbe,
1076 2639 1287 2695 qu‘oniam
1311 2639 1630 2683 dubitabamus
1647 2653 1703 2680 an
1721 2636 1852 2682 facile

224 2703 377 2743 essent
398 2696 626 2742 Lutetiam
648 2696 740 2754 (vbi
763 2703 873 2740 tunc
900 2704 996 2742 erat
1024 2698 1279 2743 Paternitas
1301 2699 1413 2755 Tua)
1443 2699 1540 2742 sine
1566 2697 1852 2740 incommodo

222 2756 503 2815 peruenturi,
518 2770 623 2800 cum
638 2756 820 2813 quidem
837 2756 967 2801 bellis
984 2757 1212 2802 feruerent
1226 2758 1394 2812 omnia,
1410 2764 1455 2803 et
1467 2759 1681 2815 pleraque
1694 2755 1741 2799 in
1754 2770 1851 2800 me·

294 2866 306 2887 ¹
355 2865 548 2911 Excerpta
565 2863 774 2918 eir-litteris
797 2862 1145 2911 quadrimestribus
1168 2865 1325 2912 collegii
1342 2864 1592 2909 coloniensis,
1611 2863 1651 2899 in
1673 2861 1771 2899 Cod.
1799 2872 1850 2907 29

224 2912 279 2959 b),
294 2911 680 3044 gozlilxwaizliiitypg?
697 2923 938 3007 ῗῐιιῳὲῗῖἰῗᾶξο·
959 2920 1026 3006 Ῑιῧξ
1043 2912 1455 3009 εἱὲἰῗρξξῃὲἄίὶζνὲᾟε
1485 2970 1614 3009 supra,
1645 2969 1733 3010 pag.
1769 2957 1849 3008 178,

230 3019 331 3047 anno
353 3035 361 3044 .
385 3015 417 3044 1.
