2196 3522
881 318 885 321 -
962 301 1184 339 APPEme
1518 335 1521 338 ⁴
1547 296 1550 299 ’
1815 306 1886 346 599

1012 477 1053 520 v
1079 477 1144 533 (d-

729 564 1037 602 SANCTIUS
1080 565 1156 600 DE
1198 565 1384 602 LEIVA

788 657 930 689 PATRI
963 657 1145 697 JACOBO
1177 657 1352 687 LAINEZ

637 719 848 777 Neapoli,
894 721 946 764 16
983 720 1265 776 Septembris
1306 730 1416 778 1559
1453 722 1485 763 ¹.

251 797 354 836 Cum
372 798 534 835 Natalis
552 799 596 835 in
613 798 804 846 Africam
820 809 899 836 non
918 797 1029 833 mitti
1045 797 1187 845 possit,
1200 799 1338 845 preces
1364 797 1502 834 Lainii
1525 800 1561 834 et
1587 797 1796 834 Societatis
1809 799 1886 844 pro

714 857 836 905 felici
852 860 995 893 eventu
1011 856 1276 904 expeditionis
1288 857 1409 904 petit.

1050 922 1080 980 †

340 1003 468 1045 Rmo.
505 1006 659 1046 sefior.
698 1001 890 1056 Resceui
918 999 961 1043 13
988 1006 1113 1044 carta
1142 999 1200 1045 de
1235 1001 1293 1044 V.
1337 1001 1390 1044 P.
1411 1014 1474 1044 en
1504 1006 1739 1057 respuesta
1758 999 1817 1045 de
1845 1000 1887 1043 la

216 1082 228 1084 e
249 1064 353 1114 mia,
378 1075 408 1117 y
428 1060 598 1117 holgue
625 1066 796 1116 quanto
817 1059 975 1116 podria
996 1059 1134 1113 dezir,
1160 1073 1248 1103 con
1269 1060 1372 1113 ella,
1397 1074 1477 1116 por
1498 1074 1632 1104 sauer
1653 1059 1711 1104 de
1734 1074 1787 1104 su
1810 1074 1884 1102 sa-

248 1122 350 1175 lud,
383 1135 414 1177 y
441 1134 529 1176 que
557 1133 628 1162 me
656 1118 775 1163 tiene
803 1132 860 1162 en
888 1133 943 1163 su
974 1118 1207 1163 memoria.
1246 1120 1287 1162 Y
1315 1133 1428 1176 pues
1457 1134 1515 1164 en
1544 1119 1586 1163 la
1618 1118 1782 1163 venida
1811 1119 1884 1162 del

251 1182 305 1224 P.
330 1182 468 1224 Mtro.
500 1178 647 1223 Nadal
668 1192 728 1221 no
749 1192 806 1234 ay
827 1178 1043 1232 remedio,
1068 1193 1127 1235 yo
1148 1193 1221 1223 me
1242 1185 1458 1222 contento
1491 1192 1577 1222 eon
1605 1178 1647 1222 el
1676 1179 1884 1235 cuydado

250 1254 339 1296 que
360 1243 386 1282 a
407 1239 465 1283 V.
492 1239 546 1282 P.
571 1253 601 1294 y
622 1241 649 1281 3
669 1251 724 1281 su
746 1238 926 1294 merced
947 1238 1012 1282 les
1034 1238 1182 1295 queda
1202 1238 1261 1283 de
1281 1239 1583 1297 encomendar
1604 1241 1631 1281 a
1653 1237 1764 1281 Dios
1786 1245 1884 1282 esta

256 1312 471 1355 enpressa
491 1312 521 1354 y
542 1297 657 1341 3103
679 1311 767 1353 que
788 1298 952 1341 6116113
979 1298 1160 1351 hamos,
1190 1313 1218 1355 y
1247 1301 1274 1341 a
1301 1301 1362 1342 mi
1391 1297 1810 1355 particularmente,
1840 1297 1884 1340 lo

255 1358 360 1414 qual
381 1358 447 1403 les
469 1356 671 1413 supplico
693 1370 779 1400 eon
801 1357 907 1402 todo
929 1357 970 1402 el
991 1356 1394 1414 encarescimiento
1415 1371 1504 1414 que
1520 1357 1686 1414 puedo,
1705 1372 1735 1413 y
1751 1370 1884 1400 como

255 1416 392 1473 quien
413 1420 510 1460 mas
529 1417 573 1460 lo
595 1418 653 1460 ha
672 1422 896 1462 menester
919 1430 1008 1472 que
1028 1416 1176 1470 nadie,
1201 1430 1377 1474 por-ser
1399 1421 1495 1460 mas
1516 1417 1728 1473 pecador.
1754 1415 1804 1462 Si
1826 1431 1884 1472 yo

257 1492 314 1522 en
336 1477 442 1534 algo
462 1475 650 1534 pudiere
670 1475 813 1520 seruir
834 1479 860 1519 a
888 1477 945 1520 V.
979 1479 1058 1529 P.‚
1090 1491 1199 1532 muy
1227 1491 1341 1534 gran
1370 1477 1548 1532 merced
1577 1474 1804 1532 resceuire
1825 1491 1881 1520 en

250 1550 341 1592 que
362 1536 499 1580 melo
525 1536 673 1580 embie
699 1539 726 1579 a
753 1536 954 1579 mandat.
986 1536 1046 1580 Al
1076 1538 1128 1580 P.
1161 1539 1295 1581 Mtro.
1329 1537 1472 1581 Nadal
1500 1550 1609 1580 veso
1637 1536 1703 1579 133
1724 1549 1882 1579 manos

251 1597 438 1640 muchas
474 1609 630 1647 vezes,
669 1609 699 1651 y
734 1602 921 1639 nuestro
959 1595 1108 1640 Sefior
1143 1596 1186 1639 13
1218 1597 1344 1640 Rma.
1387 1610 1578 1653 persona
1619 1595 1676 1639 de
1714 1596 1775 1639 V.
1824 1597 1878 1639 P.

250 1655 423 1712 gual-de
446 1665 577 1698 como·
598 1655 775 1699 dessea.
808 1655 878 1699 De
900 1655 1096 1711 Napoles
1117 1659 1142 1698 a
1170 1656 1222 1699 16
1242 1656 1299 1699 (16
1322 1656 1575 1701 Setiembre
1602 1664 1728 1710 1559.

503 1715 636 1758 Rmo.
651 1769 655 1773 ¹
669 1714 830 1767 Sefior,
854 1729 961 1758 vesa
982 1715 1048 1758 las
1068 1729 1227 1758 manos
1248 1719 1274 1758 a
1298 1717 1357 1759 V.
1392 1717 1448 1758 P.
1481 1729 1535 1758 su
1555 1714 1774 1770 servydor

517 1831 520 1834 ‚
695 1786 700 1791 ·
762 1774 974 1829 SANCHO‚
994 1788 1072 1819 MS.
1098 1788 1162 1819 DE
1184 1775 1366 1819 LEYVA.

337 1833 595 1889 Inscriptio:
617 1831 646 1891 †
675 1833 734 1876 Al
762 1834 895 1877 Rmo.
932 1840 1090 1888 serior,
1119 1833 1180 1877 mi
1207 1841 1367 1887 361101,
1405 1834 1446 1877 61
1478 1835 1528 1877 P.
1566 1835 1767 1889 Laynez.
1810 1833 1879 1876 En
1902 1863 1903 1866 =

250 1894 407 1937 Roma.
797 1933 813 1949 .

249 2012 278 2055 d
335 1952 443 2047 Αέἱα
463 1965 625 2004 manu.
663 1952 718 1996 C.
755 1962 883 2010 1559.
908 1953 1122 2011 Napoles.
1154 1955 1259 1997 Don
1281 1954 1463 1999 Sancho
1489 1952 1548 1999 de
1567 1954 1744 2010 Leyua:
1771 1955 1797 1996 3
1828 1951 1878 1996 16

279 2026 305 2056 6
328 2023 369 2066 7.
403 2023 444 2046 re
464 2021 509 2066 5.

337 2071 495 2119 Manet
516 2071 664 2128 sigilli
683 2071 946 2130 vestigium.
999 2087 1004 2090 ·

1009 2205 1050 2248 V
1080 2206 1120 2260 (e

790 2291 1120 2330 STANISLAUS
1146 2291 1340 2330 HOSIUS

839 2369 1044 2406 cardinalis
1062 2369 1292 2406 varmiensis

785 2450 926 2480 PATRI
960 2449 1141 2489 JACOBO
1173 2450 1348 2482 LAINEZ

700 2511 1015 2566 Vindobonae‚
1042 2524 1096 2568 27
1113 2513 1238 2571 Junii
1266 2514 1377 2569 1560
1399 2515 1431 2557 ².

250 2591 311 2627 De
329 2602 404 2627 sua
422 2591 466 2627 in
487 2590 754 2627 Germaniam
773 2591 987 2639 legatione:
1005 2590 1187 2638 afflictus
1204 2591 1417 2639 religionis
1433 2593 1561 2627 status
1579 2591 1622 2626 in
1644 2589 1886 2626 Germania:

322 2650 481 2686 Canisii
492 2652 668 2687 adventu
681 2651 850 2699 gaudet:
866 2650 1048 2698 Staplzilo
1060 2651 1352 2687 haereticorum
1367 2654 1474 2687 artes
1487 2653 1730 2699 perspectae:
1745 2650 1885 2685 Patris

319 2709 495 2752 Natalis,
516 2710 686 2746 Polanci
701 2713 739 2746 et
756 2710 878 2746 totius
895 2710 1102 2746 Societatis
1114 2710 1298 2757 precibus
1313 2722 1352 2747 se
1370 2711 1632 2747 commendat.

344 2788 454 2832 Rde.
486 2790 636 2832 Pater.
670 2787 847 2832 Literae
875 2789 932 2832 V.
967 2790 1038 2840 P.,
1063 2787 1271 2844 quamuis
1298 2788 1528 2845 aliquanto
1558 2786 1702 2831 serius
1731 2786 1880 2831 reddi-

324 2946 334 2965 ¹
390 2944 449 2979 Ex
467 2943 692 2990 archetypo,
710 2943 750 2979 in
771 2942 870 2979 Cod.
891 2953 954 2990 39,
973 2942 1117 2990 duplici
1132 2942 1183 2978 fol
1195 2969 1224 2990 .‚
1242 2951 1308 2989 149
1321 2945 1439 2989 (477).
1460 2944 1519 2978 De
1535 2941 1692 2978 Sanctio
1707 2941 1827 2977 Leiva
1841 2946 1881 2978 et

247 2991 296 3027 de
316 2990 465 3027 infelici
483 2990 593 3026 exitu
611 2990 875 3038 expeditionis
889 2990 1098 3035 africanae,
1118 2990 1207 3026 vide
1225 3002 1356 3038 supra,
1375 3003 1467 3038 pag.
1495 2998 1578 3035 175.

319 3041 333 3061 ²
383 3039 441 3074 Ex
459 3038 652 3084 originali,
671 3038 711 3074 in
727 3038 822 3074 Cod.
839 3039 900 3084 38,
920 3038 1034 3074 unico
1051 3038 1135 3084 fol„
1157 3046 1221 3083 117
1238 3040 1351 3084 (414).
1370 3038 1485 3076 Hanc
1503 3037 1706 3091 epistolam
1724 3035 1879 3084 scripsit

249 3085 394 3126 Hosius
407 3096 507 3123 anno
523 3086 627 3136 1560,
642 3085 733 3125 dum
751 3085 877 3123 nuntii
894 3085 1094 3136 apostolici
1112 3097 1271 3123 munere
1284 3085 1513 3134 fungeretur
1528 3096 1566 3122 1n
1585 3083 1807 3122 Germania.
1823 3085 1879 3123 Ut
