2196 3522
904 303 1123 344 APPENDnr
1757 306 1826 355 585

194 408 315 467 quod
335 409 482 455 habeo
503 407 716 466 impendo
736 408 1006 454 lectionibus
1027 408 1329 466 perlegendis,
1355 416 1402 453 et
1422 408 1498 454 vix
1519 409 1631 454 illud
1657 410 1825 455 sufficit

195 469 484 527 quotidianae
518 469 700 526 lectioni
738 468 1049 526 theologiae...
1089 470 1139 512 6.‘
1166 469 1424 526 Discipulos
1452 470 1658 514 assiduos
1679 472 1827 516 habeo

196 529 452 587 quindecim
470 536 549 573 aut
576 530 644 583 16,
669 528 918 585 morigeros
941 527 1138 584 quidem,
1159 530 1239 572 sed
1260 544 1351 572 non
1379 530 1621 573 admodum
1650 532 1827 575 theolo—

196 603 334 646 gos...
363 602 428 644 13.
451 591 732 646 Magnopere
753 587 989 645 displicent
1010 603 1156 632 nouae
1185 596 1230 632 et
1263 588 1504 634 inusitatae
1531 589 1821 646 opiniones...

203 659 270 704 15.
294 650 398 693 Non
420 649 667 699 multantur
684 647 770 691 alia
789 662 935 704 poena
955 647 1258 704 negligenteS,
1284 662 1418 704 quam
1436 650 1558 704 quod
1579 650 1826 694 excludan-

197 715 271 752 tur
293 723 320 751 a
336 708 631 765 promotione.
663 709 755 764 [IV,
776 707 878 761 716,
905 707 1004 762 722]

284 769 492 811 Alterum
520 781 710 817 examen
742 766 942 823 ejusdem
982 767 1180 809 Peltanz'.
1221 779 1259 810 1.
1297 767 1555 810 Theodorus
1583 769 1820 813 Peltanus.

196 839 237 871 2.
264 828 501 884 Ingressus
523 834 593 872 est
627 840 796 870 annum
830 838 944 884 39.111
973 827 1119 870 Natus
1155 825 1202 868 in
1237 827 1354 881 Pelt,
1394 827 1559 883 oppido
1597 830 1824 884 quondam

194 886 415 932 dioecesis
443 886 699 931 leodiensis.
728 886 968 942 Ingressus
995 892 1064 930 est
1091 892 1243 929 autem
1272 885 1546 930 Societatem
1574 902 1694 931 anno
1724 890 1823 943 5ο.ο

194 946 338 990 Fuit
326 962 373 990 1n
410 953 604 1002 quatuor
639 944 842 1001 collegiis
878 959 1036 989 recens
1073 944 1251 989 erectis.
1291 960 1494 998 romano,
1534 947 1822 1015 sesquianno;

194 1005 496 1063 neapolitano,
517 1004 827 1061 quadrienni03
852 1003 1211 1060 ingolstadiensi,
1232 1004 1441 1058 triennio;
1462 1006 1822 1061 monasteriensi,

195 1065 405 1119 trienni03
429 1079 608 1108 rursum
630 1062 1035 1120 1n1ngolstad1enS1
1056 1063 1368 1130 quadriennio.
1399 1040 1493 1121 [1'V,
1526 1067 1626 1122 725]

290 1138 331 1168 Ι.
409 1124 664 1167 Theodorus
681 1124 905 1166 Busaeus.
932 1135 974 1166 2.
1000 1134 1067 1177 17,
1088 1130 1139 1166 ut
1154 1123 1328 1180 opinor,
1348 1131 1428 1167 aut
1465 1125 1531 1168 18.
1570 1138 1610 1180 3.
1632 1126 1826 1170 Germa-

196 1172 284 1227 nus
305 1198 406 1228 sum
442 1182 725 1241 geldriensis,
764 1182 1114 1239 neomagiensis,
1148 1184 1233 1226 sub
1270 1183 1484 1240 episcopo
1520 1184 1802 1251 coloniensi..

204 1256 270 1288 12.
296 1245 348 1288 In
384 1244 500 1288 festo
535 1244 582 1288 S.
589 1242 629 1298 ti·
652 1242 901 1295 Michaelis,
927 1256 1072 1285 annus
1094 1242 1178 1285 erit
1214 1243 1284 1299 [ab
1321 1242 1531 1299 ingressu
1553 1243 1600 1287 in
1621 1244 1827 1289 Societa-

199 1304 345 1359 tem]¹
355 1337 364 1346 .
393 1303 614 1359 [Alterum
636 1302 837 1359 ejusdem
860 1302 1108 1357 examenJ²
1198 1315 1264 1356 14.
1297 1303 1508 1358 Quatuor
1533 1303 1729 1348 minores
1751 1319 1827 1348 so-

196 1363 292 1406 lum
327 1363 527 1406 habeo...
574 1372 640 1417 15.
681 1360 919 1414 Coloniae,
950 1363 1135 1413 Romae,
1177 1361 1419 1406 Tirnauiae
1447 1371 1493 1407 et
1520 1363 1654 1406 etiam
1684 1363 1826 1408 Vien-

196 1437 338 1466 nae...
362 1423 414 1466 In
437 1422 649 1466 facultate
670 1420 979 1477 philosophiae
1001 1427 1046 1465 et
1068 1420 1256 1464 aliarum
1279 1421 1443 1465 artium
1476 1421 1743 1478 liberalium,
1770 1424 1827 1467 ad

196 1482 589 1534 baccalaureatus,
631 1479 870 1534 Coloniae,
901 1481 958 1523 ad
994 1479 1243 1537 magisterii
1270 1495 1378 1524 vero
1405 1482 1616 1538 gradum,
1657 1484 1827 1528 Romae

196 1556 297 1585 sum
330 1547 564 1600 promotus
586 1539 660 1584 die
687 1552 743 1598 29
765 1539 983 1596 Augusti,
1009 1554 1128 1583 anno
1156 1541 1281 1595 1564.
1322 1541 1415 1597 [IV,
1442 1542 1544 1595 718,
1590 1553 1748 1600 719,7
1723 1544 1822 1598 731]

291 1613 327 1645 Ι.
394 1602 544 1645 Vocor
573 1600 770 1643 Thomas
790 1599 1116 1642 Darbislzirus.
1144 1611 1185 1642 2.
1212 1600 1399 1644 Certum
1423 1615 1643 1644 annorum
1663 1616 1824 1646 numem

198 1675 298 1704 rum
320 1659 491 1705 nescio:
516 1665 628 1716 puto
649 1673 722 1704 me
743 1673 844 1703 esse
865 1658 1288 1716 quadragenarium.
1319 1673 1360 1715 3.
1393 1660 1505 1705 Sum
1533 1662 1714 1717 anglus,
1745 1677 1826 1705 na-

198 1727 272 1763 tus
294 1718 664 1776 Notinghamiae,
690 1718 811 1774 quod
832 1718 1046 1775 oppidum
1069 1725 1138 1763 est
1154 1718 1199 1761 in
1217 1718 1454 1775 prouincia
1471 1720 1750 1774 eboracensi,
1771 1735 1827 1765 ex

196 1794 288 1835 quo
309 1779 474 1836 oppido
493 1777 568 1822 ille
595 1777 836 1822 comitatus
862 1777 1047 1822 sortitur
1074 1792 1256 1831 nomen,
1296 1785 1342 1822 et
1378 1778 1542 1822 dicitur
1577 1780 1825 1837 notingha-

198 1838 382 1884 miensis
402 1837 662 1882 comitatus.
688 1849 730 1892 4.
759 1847 799 1892 5.
826 1837 868 1881 6.
894 1839 1000 1881 Non
1030 1838 1175 1881 habeo
1203 1852 1258 1880 ex
1289 1838 1552 1894 parentibus
1578 1840 1719 1882 vllum
1747 1855 1826 1884 su-

198 1898 447 1955 perstitem,
487 1911 635 1953 neque
657 1898 839 1941 fratrem
861 1897 1042 1953 quidem
1063 1904 1142 1941 aut
1162 1911 1377 1942 sororem.
1412 1909 1453 1952 7.
1482 1898 1750 1955 Priusquam
1779 1899 1826 1944 in

199 1957 472 2003 Societatem
494 1956 715 2001 admissus
742 1956 931 2008 fueram,
962 1957 1048 2000 hoc
1075 1963 1207 2013 pacto
1239 1971 1289 2002 se
1326 1971 1398 2001 res
1434 1964 1615 2003 nostrae
1653 1960 1826 2004 habue-

199 2024 320 2060 runt.
347 2017 515 2061 Primo:
541 2015 797 2083 praebenda
823 2015 932 2058 mihi
959 2015 1152 2073 contigit
1187 2015 1351 2073 opima:
1392 2024 1625 2073 praeterea
1652 2018 1826 2063 benefi-

199 2077 319 2120 cium
342 2076 548 2133 simplex;
570 2075 702 2119 tertio
718 2075 764 2118 in
787 2076 888 2118 loco
905 2075 1176 2120 beneficium
1194 2082 1417 2130 curatum;
1438 2089 1480 2131 4.
1489 2078 1682 2121 ⁰rursus
1705 2078 1826 2122 aliud

198 2135 452 2181 benifitium
489 2135 693 2191 simplex3
739 2134 903 2179 deinde
943 2134 1299 2188 cancellariatus;
1347 2137 1528 2180 tandem
1569 2138 1828 2194 praebenda

198 2196 414 2240 secunda:
439 2202 669 2252 postremo
691 2193 1097 2248 archidiaconatus;
1122 2201 1183 2247 et,
1208 2202 1258 2237 vt
1279 2196 1563 2248 concludam,
1583 2196 1827 2263 residentia

198 2255 306 2299 satis
327 2253 555 2312 superba
544 2269 590 2296 1n
612 2253 804 2297 ecclesia
825 2253 945 2309 apud
962 2254 1122 2310 anglos
1138 2253 1394 2310 praecipua.
1416 2256 1473 2298 Et
1490 2269 1593 2298 cum
1605 2255 1700 2311 jam
1718 2271 1826 2300 can-

199 2313 407 2358 cellarius
429 2315 601 2358 fueram
624 2312 839 2370 episcopi,
864 2312 968 2356 hinc
997 2313 1166 2356 factum
1203 2323 1288 2366 est,
1329 2315 1454 2369 quod
1490 2328 1650 2358 causas
1687 2323 1827 2360 testa—

200 2373 443 2418 mentarias
465 2381 510 2418 et
531 2371 881 2416 matrimoniales
903 2379 948 2416 et
979 2372 1088 2415 alias
1115 2372 1283 2416 similes
1311 2373 1512 2417 audirem
1540 2382 1586 2418 et
1614 2375 1826 2419 determi-

200 2448 354 2478 narem
375 2432 556 2490 publice
578 2432 626 2475 in
648 2430 914 2475 consistorio
931 2431 1188 2488 episcopali.
1210 2433 1306 2476 Nec
1324 2440 1473 2478 tacere
1490 2442 1683 2490 oportet,
1706 2435 1826 2490 quod

202 2508 259 2537 ex
281 2491 598 2547 commissarijs
620 2506 738 2534 vnus
766 2505 888 2534 eram
917 2505 998 2546 per
1024 2491 1227 2547 reginam
1254 2499 1452 2536 nostram
1482 2494 1627 2537 bonae
1656 2509 1828 2537 memo-

203 2551 295 2596 riae
317 2551 505 2595 Mariam
522 2550 815 2604 constitutus,
834 2551 957 2605 quod
972 2550 1225 2594 haereticos
1241 2551 1527 2608 castigarem.
1550 2554 1734 2598 Addere
1756 2568 1827 2597 me

202 2610 300 2654 istis
322 2618 499 2667 oportet
521 2610 647 2663 illud,
673 2609 803 2653 cuius
818 2609 1033 2653 memoria
1049 2624 1121 2653 me
1137 2610 1282 2653 solum
1300 2611 1495 2655 delectat
1511 2612 1557 2654 in
1574 2612 1687 2666 istis,
1708 2613 1829 2668 quod

202 2685 282 2714 rex
306 2669 541 2726 Philippus
562 2684 666 2713 cum
689 2668 830 2712 Maria
852 2668 1048 2725 conjuge
1070 2683 1152 2712 sua
1181 2684 1237 2713 ex
1268 2684 1493 2715 consensu
1522 2672 1685 2715 summi
1713 2687 1829 2728 pon—

202 2729 335 2773 tificis
357 2729 683 2773 fraternitatem
703 2729 927 2784 quandam
946 2728 1143 2772 nominis
1153 2730 1296 2786 Jhesu
1314 2729 1393 2786 (sie
1409 2730 1528 2774 enim
1546 2732 1825 2787 vocabatur),

176 2803 317 2844 ,quae
335 2789 504 2833 multas
532 2789 816 2844 elemosynas
847 2789 1065 2844 erogabat
1092 2787 1381 2844 pauperibus,
1411 2797 1457 2833 et
1486 2804 1600 2845 quae
1628 2805 1708 2846 per
1735 2790 1829 2834 sin—

198 2849 331 2905 gulas
369 2848 644 2915 septimanas
680 2847 726 2890 in
763 2847 836 2890 die
867 2847 988 2902 jouis
1025 2861 1128 2889 cum
1171 2862 1337 2913 magna
1372 2849 1660 2893 solemnitate
1693 2857 1829 2906 atque

198 2907 458 2953 reuerentia
494 2907 674 2951 missam
713 2905 872 2949 habuit
909 2906 1121 2962 Corporis
1158 2908 1216 2950 X.
1223 2906 1234 2941 i
1261 2922 1341 2964 per
1376 2923 1509 2963 quam
1544 2923 1829 2966 summopere

271 3051 284 3073 ¹
335 3051 444 3087 Haec
461 3061 562 3086 anno
583 3048 672 3094 1562
691 3048 834 3095 scripta
852 3052 955 3084 sunt.

273 3101 288 3122 ²
339 3099 454 3135 Anno
475 3097 565 3143 1566
582 3096 782 3143 seriptum.
