2196 3522
268 285 313 322 52
851 270 895 305 P.
923 268 1112 304 NATAL1s
1138 268 1360 303 EPHEMER.

280 376 480 420 iudicum
503 373 689 418 calculis
713 373 954 415 damnatus
976 358 1047 413 est
1068 369 1217 412 bonus
1245 367 1419 421 Simon,
1445 382 1537 412 non
1560 368 1743 425 quidem
1772 367 1927 412 crimi—
1954 356 1957 359 .

280 454 348 496 nis
371 450 612 509 grauioris,
634 450 715 494 sed
730 449 853 505 quod
871 447 918 491 in
934 446 1112 491 ratione
1129 445 1326 489 instituti
1344 445 1470 491 varie
1487 459 1540 489 ae
1556 445 1760 503 grauiter
1777 460 1927 490 erras-

280 536 362 574 set:
389 528 557 572 indicta
580 534 648 571 est
666 525 729 569 illi
751 523 1046 582 poenitentia.
1082 524 1186 567 Hoc
1213 522 1434 567 iudicium
1455 522 1697 568 videbatur
1723 522 1813 567 iarn
1829 522 1924 581 pri—

281 621 403 650 mum
425 606 630 662 probare;
657 618 749 659 quo
790 609 949 659 postea
965 600 1224 657 repudiato,
1249 599 1496 657 appellauit
1523 600 1530 660 Ι
1558 601 1765 658 exemplo
1781 600 1924 658 pesti-

281 685 401 728 lente
418 683 475 726 ad
492 681 767 725 cardinalem
784 693 1048 735 carpensem
1066 684 1386 734 protectorem.
1403 678 1480 722 Ab
1499 679 1588 722 hoc
1607 685 1758 722 tamen
1770 678 1924 723 statim

282 769 350 806 est
372 760 523 804 iussus
546 773 646 802 esse
668 757 714 800 in
738 756 902 810 offici03
929 755 1146 800 rescitum
1171 762 1324 798 tamen
1346 763 1505 812 postea
1526 754 1654 799 illum
1675 756 1818 800 breue
1838 755 1925 799 im—

282 845 498 895 petrasse,
524 843 573 879 vt
601 842 837 881 excuteret
875 832 1160 877 obedientiae
1183 832 1346 890 iugum
1384 833 1443 876 ad
1478 832 1617 876 vitam
1650 832 1928 878 eremiticam

283 915 524 972 agendam3
550 914 630 957 sed
652 927 747 955 non
770 911 911 968 prodij
919 918 935 953 t
968 912 1056 954 hoc
1079 911 1238 954 breue.
1267 911 1507 953 Postremo
1528 909 1591 953 ita
1613 923 1685 953 res
1713 917 1783 954 est
1803 924 1930 954 corn-

285 990 446 1049 posita,
465 997 515 1033 vt
529 990 626 1046 ipse
647 1003 731 1032 sua
753 989 989 1032 voluntate
1017 987 1209 1044 eligeret
1238 985 1519 1044 peregrinari
1542 986 1927 1044 Hierosolymam,

288 1083 378 1125 quo
401 1076 552 1112 tamen
574 1081 666 1110 non
688 1072 758 1111 est
775 1065 1024 1122 profectus,
1049 1065 1174 1120 quod
1194 1065 1365 1108 bellum
1387 1071 1509 1108 esset
1529 1064 1648 1109 inter
1675 1071 1864 1110 venetos
1885 1071 1932 1109 et

290 1147 489 1189 turchas.
516 1142 780 1201 Impetrauit
803 1158 828 1186 a
859 1144 910 1185 P.
944 1141 1125 1199 Ignatio
1149 1148 1199 1184 vt
1220 1141 1263 1185 ei
1284 1141 1441 1187 liceret
1467 1141 1515 1186 in
1537 1141 1732 1199 collegio
1761 1141 1833 1187 vel
1853 1155 1930 1186 ve-

291 1230 397 1268 neto
412 1223 485 1266 vel
501 1220 716 1278 patauino
733 1217 934 1278 [degere]
957 1233 1014 1262 ex
1036 1218 1279 1276 priuilegio
1296 1218 1569 1275 diplomatis:
1591 1234 1682 1264 non
1699 1218 1931 1263 iudicabat

293 1308 444 1343 tamen
462 1300 515 1342 P.
530 1297 736 1355 Ignatius
753 1294 1051 1356 sedauisse[?]
1067 1295 1114 1339 in
1131 1295 1208 1340 illo
1224 1295 1482 1353 superiores
1497 1297 1665 1340 fluctus
1681 1296 1761 1340 92
1770 1302 1817 1340 et
1834 1302 1931 1340 tum

294 1376 417 1420 venit
455 1378 731 1427 Bassanum,
773 1374 848 1417 vbi
880 1374 1006 1417 illum
1045 1373 1260 1418 convenit
1299 1375 1335 1417 P
1350 1408 1359 1417 .
1399 1373 1592 1428 Natalis,
1633 1380 1683 1417 vt
1719 1373 1932 1431 superius

295 1453 483 1497 dictum.
918 1510 921 1514 Ι
1805 1458 1811 1468 ·

383 1530 472 1574 Hic
497 1532 631 1574 Pater
656 1542 679 1572 2
705 1528 853 1585 capita
874 1543 1026 1573 rerum
1051 1531 1105 1572 P.
1128 1530 1191 1573 La
1195 1528 1273 1585 yni
1295 1528 1547 1585 proposuit,
1568 1529 1762 1573 alterum
1779 1532 1932 1581 suum,

294 1609 484 1653 alterum
508 1606 863 1651 bobadillanum:
892 1608 1056 1650 iactam
1078 1605 1165 1649 sibi
1186 1605 1398 1650 iniuriam
1436 1605 1483 1649 in
1504 1605 1674 1662 iudicjo
1705 1612 1864 1650 contra
1887 1618 1938 1648 se

295 1685 418 1728 dicto
451 1685 480 1738 ¹;
506 1683 635 1739 quasi
665 1697 831 1727 nouam
853 1697 1024 1739 icausae
1053 1683 1362 1740 cognitionem
1390 1682 1613 1740 exigeret:
1637 1682 1782 1727 videri
1803 1697 1938 1739 prae—

299 1769 423 1806 terea
466 1759 553 1803 sibi
595 1760 941 1817 gubernandam
983 1760 1258 1805 Societatem
1295 1775 1376 1817 per
1411 1760 1582 1817 primos
1609 1761 1837 1817 professos
1880 1774 1937 1804 ex

297 1838 591 1882 aristocratia.
625 1836 714 1881 Hic
751 1836 892 1894 igitur
931 1837 1115 1882 fauebat
1155 1837 1434 1892 Bobadillae5
1468 1845 1628 1895 postea
1650 1844 1803 1881 tamen
1830 1850 1936 1882 eum

299 1915 514 1968 deseruit,
539 1915 662 1970 quod
690 1913 880 1957 inferius
909 1914 1101 1958 dicetur:
1136 1914 1408 1971 Violamque
1429 1914 1592 1959 mirum
1614 1929 1708 1958 non
1736 1914 1822 1958 fuit
1844 1915 1934 1958 Bo·

299 1992 492 2036 badillae
519 1991 526 2050 Ι
553 1990 855 2044 subscribere;
882 1992 1114 2036 metuebat
1130 1991 1251 2036 enim
1275 1994 1327 2035 P.
1355 1993 1574 2048 Laynem,
1599 1992 1656 2035 ad
1678 2005 1814 2047 quern
1831 2005 1940 2048 gra-

300 2068 485 2113 uissime
507 2069 655 2112 fuerat
678 2068 871 2120 delatus,
897 2074 1005 2121 etc.,
1037 2074 1083 2112 et
1110 2075 1208 2112 erat
1236 2068 1404 2124 alioqui
1435 2067 1658 2113 liberioris
1679 2067 1870 2126 ingenij,
1895 2074 1942 2111 et

300 2145 528 2191 liberrime
550 2151 708 2202 egerat
729 2145 896 2188 multos
919 2159 1065 2188 annos
1087 2144 1134 2188 in
1156 2145 1320 2190 Gallia.

390 2224 461 2266 De
487 2221 690 2266 Adriano
718 2227 787 2265 sat
815 2228 884 2266 est
912 2221 1023 2264 illud
1051 2221 1218 2276 dicere,
1250 2223 1376 2278 quod
1425 2223 1520 2267 fere
1541 2223 1556 2244 ²
1586 2221 1700 2265 nihil
1742 2235 1942 2278 vnquam

300 2298 521 2343 intellexit
542 2299 599 2342 de
621 2297 863 2343 Societatis
885 2298 1110 2351 instituto,
1135 2313 1369 2356 nunquam
1392 2314 1449 2343 ex
1470 2299 1574 2343 illus
1590 2298 1749 2355 propia
1766 2297 1942 2343 ratione

301 2375 429 2428 vixit,
454 2382 500 2419 et
522 2374 705 2431 quidem
729 2377 865 2419 Pater
887 2381 958 2418 sat
979 2381 1049 2419 est
1070 2382 1206 2419 notus
1231 2377 1263 2418 ³.
1332 2415 1340 2423 ,

390 2454 462 2496 De
484 2451 719 2495 Bobadilla
735 2450 907 2508 prolixa
928 2458 1047 2495 esset
1070 2451 1284 2506 narratio;
1308 2453 1389 2496 sed
1410 2466 1649 2497 necessum
1666 2452 1747 2495 93
1768 2451 1940 2509 aliquid

302 2529 467 2573 dicere.
495 2528 585 2572 Hic
607 2527 821 2572 dissensit
843 2542 868 2571 a
892 2530 944 2571 P.
971 2527 1150 2584 Ignatio
1172 2535 1218 2573 et
1241 2529 1266 2571 8
1291 2528 1504 2573 Patribus
1525 2530 1583 2574 de
1599 2531 1737 2574 rebus
1759 2529 1941 2587 grauis-

304 2605 428 2650 simis
464 2612 570 2650 ante
613 2604 853 2650 Societatis
885 2605 1290 2660 confirmationem3
1330 2606 1485 2662 itaque
1521 2614 1705 2664 propter
1735 2622 1841 2651 eum
1871 2613 1942 2651 est

305 2690 415 2726 tunc
436 2683 685 2727 decretum:
711 2681 749 2725 si
772 2682 873 2738 quis
901 2683 959 2726 ab
987 2682 1086 2738 alijs
1114 2682 1161 2726 in
1191 2683 1418 2728 sententia
1444 2684 1721 2741 discreparet
1747 2683 1795 2728 in
1817 2698 1944 2728 com-

305 2759 432 2804 muni
468 2774 620 2805 rerum
652 2759 921 2803 tractatione
953 2774 1011 2804 ne
1033 2759 1366 2816 admitteretur,
1387 2761 1485 2806 eius
1521 2761 1674 2817 itaque
1711 2761 1759 2806 in
1789 2760 1948 2819 primis

306 2836 419 2880 actis
440 2837 604 2880 nullun
627 2844 697 2881 est
720 2836 982 2893 vestigium.

380 2964 392 2985 ¹
443 2962 704 3009 SAccnnws,
723 2963 802 2998 loc.
827 2962 912 3009 cit.,
931 2974 970 2998 n.
989 2970 1053 3008 74.

377 3023 391 3043 ²
443 3022 541 3069 Ms.‚
561 3023 615 3058 ad
625 3022 733 3069 fere.

375 3081 390 3101 ³
440 3080 700 3126 SACCHINUS,
720 3082 799 3117 loe.
824 3081 916 3129 cit.,
936 3094 974 3118 n.
990 3090 1051 3127 74.
