2196 3522
927 312 1150 351 Apmznmx
1780 314 1850 362 583

211 415 283 461 cia
305 414 526 462 Bauariae
546 414 594 460 in
615 416 810 475 collegio
832 415 1156 471 monachiensi,
1176 423 1222 462 et
1237 431 1328 462 non
1352 416 1417 462 fui
1434 415 1718 463 examinatus
1740 425 1850 463 tunc

213 476 444 533 temporis.
479 478 692 533 Quatuor
728 477 925 522 minores
951 476 1132 521 ordines
1168 478 1321 522 habet.
1352 479 1404 521 In
1439 479 1618 522 duobus
1644 479 1850 536 collegijs

214 536 315 580 fuit:
341 536 388 580 in
410 536 719 580 monachiensi
742 544 788 582 et
818 536 1070 580 viennensi.
1106 538 1155 580 In
1188 536 1533 594 ingolstadiensi
1562 544 1738 581 tantum
1770 554 1850 595 per

213 595 334 641 diem
356 595 457 639 fuit.
489 597 539 639 In
562 597 686 640 nulla
715 598 928 640 facultate
949 602 1019 639 est
1049 603 1294 652 promotus.
1326 597 1588 652 Antequam
1616 596 1850 654 ingressus

216 662 286 700 est
307 655 598 710 Societatem,
623 655 797 699 studuit
819 657 912 699 fere
940 670 1020 712 per
1046 654 1296 700 biennium:
1322 670 1444 699 nunc
1467 656 1513 699 in
1535 657 1779 710 Societate,
1804 665 1850 701 et

216 714 304 758 iam
326 715 578 759 secundum
600 729 770 759 annum
798 716 967 760 studet.
997 716 1243 770 Nunquam
1271 723 1607 772 praeceptorem
1629 716 1740 773 egit,
1765 732 1850 761 nec

214 773 262 817 in
283 774 527 827 Societate,
552 789 637 819 nec
659 789 762 818 cum
784 775 934 818 adhuc
955 781 1170 819 externus
1191 782 1301 819 erat.
1324 774 1418 832 [IV,
1444 775 1531 829 674
1553 776 1597 834 v]

308 846 345 877 1.
410 834 629 877 Siluester
657 835 890 878 Nosbaum
919 848 1179 890 germanus,
1197 834 1353 901 ‘patria
1382 834 1670 878 treuerensis.
1703 847 1745 878 2.
1782 836 1850 879 Ex

212 892 438 950 provintia
463 894 658 950 belgica,
688 908 823 951 quam
852 907 975 936 nunc
1003 892 1209 950 germani
1237 892 1456 937 incolunt.
1489 907 1530 949 3.
1563 895 1668 938 Non
1699 894 1849 938 minus

213 967 349 1019 quam
371 966 427 1008 30
448 967 591 997 annos
612 968 713 996 sum
735 960 885 1006 natus,
904 953 1031 996 iuxta
1047 967 1193 997 meam
1209 952 1507 1020 memoriam..
1518 965 1625 997 ..12
1652 954 1744 998 Sex
1766 969 1849 997 an-

213 1011 283 1055 nis
307 1014 476 1056 Romae
497 1027 597 1056 sum
619 1012 870 1070 ingressus,
899 1018 946 1056 et
973 1011 1256 1056 examinatus
1276 1012 1324 1056 in
1351 1013 1485 1056 domo
1513 1012 1844 1069 probationis...

220 1083 284 1126 14.
307 1073 419 1117 Sum
441 1071 762 1116 subdiaconus.
794 1085 861 1127 15
894 1073 1081 1126 Romae,
1112 1072 1294 1125 Loreto,
1326 1070 1574 1125 Foroliuio,
1599 1072 1644 1115 in
1668 1075 1848 1117 Monte-

216 1130 374 1188 regali,
402 1131 754 1185 Pademontani,
784 1131 997 1177 Treueris
1025 1138 1070 1174 et
1099 1131 1382 1188 Moguntiae.
1428 1143 1495 1186 17.
1534 1133 1586 1175 In
1620 1131 1848 1176 Societate

216 1190 351 1234 docui
373 1197 419 1234 et
439 1191 581 1235 doceo
602 1190 858 1235 rudimenta
884 1205 1050 1248 pueros
1071 1190 1382 1248 moguntinos,
1406 1200 1453 1234 et
1474 1192 1591 1236 bene
1622 1191 1838 1236 scribere.

223 1251 288 1293 16.
317 1252 528 1294 Preterea
549 1250 842 1294 accomodaui
858 1265 929 1294 me
946 1250 1268 1307 superioribus,
1289 1251 1363 1294 uel
1380 1250 1643 1295 fabricando
1660 1250 1845 1306 aliquid,
1894 1294 1897 1296 .

216 1310 289 1354 vel
310 1310 572 1366 sculpendo,
596 1310 669 1355 vel
691 1310 937 1366 pingend03
957 1317 1229 1367 quapropter
1245 1309 1381 1354 etiarn
1398 1310 1548 1353 minus
1565 1311 1748 1354 studere
1766 1325 1847 1366 po-

217 1368 284 1411 tui
305 1375 351 1411 et
371 1369 590 1426 proficere
610 1369 657 1413 in
678 1369 834 1422 literis,
860 1369 965 1426 quia
987 1371 1043 1413 ad
1064 1369 1151 1413 ista
1173 1369 1237 1412 fui
1259 1369 1515 1413 inclinatus.
1543 1370 1637 1427 [IV,
1664 1370 1765 1427 692]

309 1441 346 1472 1.
410 1429 569 1472 Simon
601 1429 806 1472 Belostus
832 1444 989 1473 vocor.
1032 1442 1077 1472 2.
1117 1439 1170 1484 55
1199 1444 1343 1472 annos
1375 1436 1524 1472 natus.
1559 1442 1600 1484 3.
1637 1428 1844 1473 Nationis

214 1487 480 1544 anglicanae
509 1488 596 1532 sub
633 1488 895 1546 episcopatu
931 1488 1269 1532 lincolniensi...
1316 1501 1381 1532 12.
1418 1488 1600 1533 Tertius
1627 1489 1722 1544 jam
1751 1487 1847 1545 agit

214 1561 377 1600 annus,
402 1562 494 1604 quo
511 1547 745 1605 ingressus
766 1563 867 1592 sum
889 1547 1179 1600 Societatem,
1204 1547 1430 1601 videlicet,
1451 1550 1620 1592 Romae
1644 1548 1691 1591 in
1713 1548 1848 1591 domo

213 1614 367 1650 nostra
388 1607 641 1664 principali.
679 1620 750 1663 13.
783 1610 926 1660 Bona,
951 1622 1068 1663 quae
1090 1606 1244 1660 habui,
1269 1607 1428 1663 quinto
1449 1607 1523 1652 die
1545 1614 1646 1664 post
1668 1607 1847 1664 ingres—

214 1681 316 1710 sum
337 1665 440 1710 dedi
461 1666 506 1709 in
535 1681 698 1710 manus
726 1668 841 1711 Rdo.
874 1667 997 1711 Patri
1027 1666 1243 1711 Federico
1258 1700 1268 1719 ,
1300 1666 1576 1710 nouitiorum
1599 1673 1708 1710 tunc
1731 1674 1848 1712 tem-

214 1724 336 1782 poris
363 1726 652 1770 confessario.
689 1739 756 1780 14.
788 1726 939 1772 Sacris
965 1741 1066 1770 sum
1094 1725 1296 1770 initiatus
1323 1733 1369 1770 et
1405 1727 1615 1771 sacerdos
1644 1727 1701 1769 ab
1729 1741 1848 1770 anno

217 1784 540 1836 incarnationis
563 1785 744 1829 Domini
778 1797 903 1842 1533.
941 1797 1012 1841 15.
1052 1789 1142 1830 Pro
1169 1792 1374 1842 tempore
1401 1801 1481 1829 sex
1504 1800 1726 1829 annorum
1748 1793 1847 1829 stu-

217 1844 297 1887 dui
319 1844 526 1889 Oxoniae
547 1844 594 1888 in
615 1845 808 1902 collegio
829 1845 1136 1889 martoniensi.
1168 1846 1235 1888 16.
1261 1846 1426 1902 Quoad
1453 1844 1741 1902 probationes
1763 1846 1849 1890 So-

215 1902 406 1948 cietatis.
439 1917 455 1948 1
471 1939 479 1946 .
493 1904 512 1923 ⁰
535 1905 759 1948 Exercitia
780 1905 854 1948 illa
875 1904 1122 1961 spiritualia
1143 1919 1235 1948 non
1251 1906 1400 1949 adhuc
1417 1904 1572 1959 habui,
1592 1906 1673 1950 sed
1691 1919 1848 1950 eorum

217 1963 409 2020 cupidus
444 1963 591 2016 valde,
623 1971 674 2007 ut
705 1965 870 2007 dentur
900 1963 1009 2007 mihi
1039 1979 1122 2021 pro
1153 1979 1304 2008 amore
1335 1963 1518 2008 Domini
1549 1965 1844 2020 expostulo...

221 2034 292 2076 17.
318 2024 421 2081 Jam
443 2022 629 2079 Lovanij
653 2038 858 2078 manens,
882 2024 1120 2079 anglorum
1138 2024 1420 2079 quorundam
1436 2024 1746 2068 consessiones
1764 2038 1822 2067 au
1836 2050 1848 2055 -

214 2081 305 2135 dio,
331 2096 383 2125 ac
404 2082 577 2138 aliquas
599 2082 840 2127 conciones
862 2082 999 2126 facio.
1046 2084 1117 2127 18.
1155 2082 1356 2138 Simplex
1383 2091 1541 2127 votum
1568 2083 1674 2126 vovi
1695 2098 1846 2126 coram

212 2141 396 2185 d>mino
417 2143 518 2185 Deo
540 2141 852 2197 omnipotenti,
877 2142 1008 2186 divae
1028 2141 1196 2199 virgini
1223 2142 1414 2195 Mariae,
1445 2142 1657 2186 omnibus
1678 2142 1848 2186 sanctis

214 2207 260 2245 et
281 2201 530 2246 venerabili
552 2201 677 2245 Patri
700 2201 936 2255 Madridio,
963 2202 1080 2245 festo
1108 2201 1201 2244 divi
1231 2201 1462 2258 Laurentij
1499 2203 1625 2257 1560.
1659 2214 1731 2245 21.
1760 2204 1849 2245 Pa-

215 2266 284 2304 ter
306 2260 538 2304 Adrianus
566 2268 636 2305 est
662 2260 772 2304 mihi
802 2275 980 2318 semper
998 2260 1363 2306 confessarius...
1398 2261 1608 2317 Lovanij.
1651 2263 1752 2318 Ego
1776 2261 1850 2307 Si.-

213 2333 320 2362 mon
353 2321 563 2365 Belostus
599 2321 763 2376 anglus
799 2335 900 2364 mea
935 2334 1072 2363 manu
1105 2320 1285 2377 propria
1327 2333 1343 2364 1
1377 2321 1485 2378 Julij
1526 2322 1657 2376 1562.
1709 2321 1845 2377 [Solu]

222 2391 238 2422 1
251 2413 260 2421 .
285 2379 353 2422 Ex
374 2393 465 2434 quo
486 2379 759 2425 Societatem
782 2379 1032 2437 ingressus,
1052 2386 1098 2424 et
1119 2395 1145 2424 a
1166 2379 1321 2424 multis
1342 2380 1563 2425 anteactis
1581 2379 1728 2433 annis,
1748 2395 1848 2423 om-

217 2452 322 2482 nem
360 2438 628 2496 theologicis
665 2438 828 2483 studiis
863 2454 1011 2483 meam
1046 2439 1244 2496 impendi
1272 2439 1629 2496 provinciam...
1679 2440 1725 2482 6.
1773 2440 1850 2482 Ad

217 2498 410 2552 gradum
446 2497 693 2554 magisterij
731 2505 1045 2555 promotus...
1083 2497 1270 2555 Lovanij
1310 2511 1334 2542 2
1367 2499 1474 2557 Julij
1512 2500 1643 2554 1562.
1691 2498 1849 2543 Simon

220 2557 448 2600 Belostus.
484 2559 577 2614 [IV,
603 2559 703 2614 674]

312 2628 353 2659 1.
424 2617 679 2672 Stephanus
699 2617 981 2660 Mirabellus.
1010 2629 1051 2660 2.
1078 2616 1255 2674 Viginti
1283 2632 1382 2662 sex.
1423 2631 1463 2673 3.
1493 2617 1772 2673 Burgundus
1793 2630 1849 2660 ex

214 2674 448 2728 comitatu,
473 2676 862 2733 archiepiscopatu
878 2690 987 2720 vero
1003 2676 1326 2731 berantinensi,
1346 2677 1640 2732 eiusdemque
1656 2675 1844 2732 patriae.

216 2746 257 2788 7.
283 2735 517 2790 Sequebar
538 2736 704 2779 aulam.
726 2769 765 2782 ..
803 2748 870 2779 12.
897 2737 1009 2779 Tres
1031 2735 1153 2790 anni,
1183 2743 1483 2792 receptusque
1511 2738 1683 2779 Romae
1709 2750 1736 2778 a
1758 2736 1848 2778 Pa-

215 2793 361 2837 tribus
395 2794 567 2847 Natali,
606 2794 848 2847 Madridio,
882 2795 1097 2848 Polanco‚
1129 2802 1174 2839 et
1203 2797 1259 2838 ab
1287 2795 1446 2851 ijsdem
1478 2794 1778 2839 examinatus.

219 2865 286 2907 14.
323 2854 533 2909 Ouatuor
560 2854 741 2898 ordines
778 2854 973 2899 minores
1009 2855 1203 2899 habeo..
1225 2889 1234 2897 .
1287 2868 1357 2912 19.
1405 2857 1593 2899 Praeter
1620 2855 1739 2896 bona
1766 2829 1848 2910 pa-

214 2919 360 2965 terna,
384 2914 607 2957 habebam
627 2913 779 2957 villam
802 2911 1044 2969 quandam,
1069 2913 1115 2957 in
1138 2928 1226 2970 qua
1248 2921 1375 2959 erant
1404 2914 1519 2971 agri,
1551 2914 1693 2958 boues
1718 2913 1848 2956 deni-

213 2986 303 3027 que
331 2979 377 3015 et
408 2972 609 3017 iumenta
636 2973 851 3018 derelicta
879 2980 1150 3018 testamento
1180 2974 1237 3016 ab
1269 2975 1497 3017 auunculo
1525 2974 1740 3028 quodam,
1771 2972 1847 3027 qui

214 3038 406 3075 mortem
439 3031 666 3077 obierat...
710 3033 876 3089 [Mag]
923 3045 963 3076 1.
1011 3035 1082 3077 De
1112 3032 1313 3076 moribus
1349 3033 1394 3076 in
1429 3047 1583 3076 mensa
1614 3031 1849 3076 seruandis

217 3091 451 3137 Turnone.
486 3103 532 3148 7.
563 3093 759 3137 Centum
782 3098 828 3136 et
849 3092 1150 3150 septuaginta.
1179 3092 1323 3150 [Sclz.]
1364 3106 1401 3138 1.
1427 3099 1669 3147 antequam
1691 3090 1844 3137 Socie-
