2196 3522
1026 349 1112 394 1561
1835 347 1885 393 69

252 451 487 496 Pontificis
507 458 554 497 et
576 452 740 505 Patris,
760 466 846 498 nec
866 451 1081 496 inchoare
1097 440 1340 508 quicquam
1361 465 1419 494 ex
1438 449 1589 494 officio
1607 451 1772 503 facere,
1794 464 1879 494 an-

254 536 440 585 tequam
461 528 588 572 illum
611 528 918 574 conuenirem.

980 661 1156 692 TOLETI

343 761 462 806 Veni
503 763 730 816 Toletum,
777 761 854 805 vbi
894 761 1217 805 domunculam
1258 767 1305 803 et
1345 760 1610 804 sacellulum
1652 760 1883 804 habebant

254 838 412 882 nostri:
437 853 492 883 eo
514 838 660 896 reperi
682 841 735 882 P.
761 837 1030 891 Antonium,
1055 850 1190 893 quem
1212 851 1300 894 ego
1316 850 1629 882 euocaueram.

343 917 640 973 Agnoueram
658 915 889 972 Compluti
904 922 1038 959 antea
1064 915 1071 971 Ι
1097 913 1145 956 in
1154 913 1352 958 Araozio
1368 913 1523 958 nescio
1540 913 1649 969 quid
1668 914 1880 959 offensio-

254 991 339 1036 nis:
363 993 437 1036 hic
457 992 505 1036 in
526 984 624 1037 dies
644 993 931 1038 offendebam
952 990 1184 1046 maiorem,
1203 990 1268 1034 ita
1283 997 1333 1034 vt
1354 1005 1522 1048 magna
1537 1005 1651 1048 opus
1668 991 1880 1035 haberem

251 1068 491 1124 industria,
521 1077 571 1113 vt
598 1069 719 1113 illius
756 1069 956 1113 animum
993 1068 1230 1112 commode
1252 1074 1511 1113 tractarem:
1552 1067 1662 1111 mihi
1697 1067 1880 1125 quidem

249 1145 534 1203 displicebat.

340 1224 459 1268 Sunt
473 1223 708 1281 expeditae
729 1230 776 1268 et
796 1222 961 1268 missae
983 1221 1203 1279 pecuniae
1219 1222 1426 1266 Romam:
1447 1221 1607 1278 opinor
1624 1221 1722 1266 illas
1740 1221 1881 1267 fuisse

250 1315 310 1344 ex
330 1299 531 1357 reliquiis
551 1300 663 1344 iuris
685 1302 739 1344 P.
764 1301 801 1344 F
803 1298 1010 1344 rancisci.
1037 1299 1248 1344 Conueni
1269 1299 1440 1354 aliquot
1462 1305 1714 1356 magnates:
1739 1298 1787 1342 in
1810 1299 1881 1343 his

250 1377 461 1421 comitem
483 1377 724 1423 feriensem
751 1384 798 1422 et
835 1376 1107 1421 Rodericum
1143 1377 1343 1421 Gomez:
1374 1383 1567 1432 vterque
1602 1375 1880 1433 suspiciebat

250 1454 511 1498 Araozium.
543 1454 651 1512 Egit
677 1454 798 1499 serio
824 1455 947 1511 apud
974 1469 1046 1498 me
1075 1453 1327 1498 Rodericus
1352 1469 1411 1499 ne
1439 1454 1744 1511 reciperemus
1766 1468 1879 1499 neo-

247 1532 428 1587 phytos,
452 1531 525 1588 cuj
549 1531 754 1589 grauiter
773 1531 890 1576 129
905 1531 1134 1588 respondi,
1159 1530 1368 1575 adductis
1389 1530 1687 1588 argumentis,
1712 1530 1879 1586 quibus

244 1608 570 1652 confirmabam
591 1615 794 1653 nostram
815 1608 1089 1662 libertatern,
1114 1615 1202 1654 etc.

335 1687 425 1730 Per
445 1686 691 1730 Araozium
711 1686 910 1731 salutaui
930 1686 1250 1743 hispalensem:
1270 1686 1367 1743 egit
1383 1700 1562 1731 mecum
1578 1686 1636 1730 de
1654 1686 1875 1731 toletano:

226 1761 359 1812 Adixit
380 1777 472 1808 non
492 1764 639 1825 solum
660 1763 865 1807 damnari
887 1763 986 1807 eius
1012 1762 1354 1816 catechismum,
1384 1764 1465 1808 sed
1487 1763 1534 1806 in
1560 1777 1616 1807 eo
1647 1764 1873 1807 haereses.

247 1841 404 1895 Quum
426 1840 659 1886 videretur
678 1841 860 1886 eleuare
896 1840 1193 1884 cardinalium
1230 1840 1564 1894 auctoritatem,
1597 1840 1879 1885 confidenter

244 1915 339 1959 dixi
354 1916 455 1961 illos
470 1916 698 1974 principes
715 1916 984 1963 vniuersalis
999 1916 1235 1970 ecclesiae,
1254 1923 1343 1961 etc.
1363 1918 1520 1974 Quum
1537 1918 1746 1963 offerrem
1762 1931 1878 1974 opus

246 1993 487 2039 Societatis
528 1995 586 2038 ad
627 2002 836 2038 sanctum
883 1994 1080 2038 officium
1094 2029 1104 2048 ,
1149 1994 1342 2040 libenter
1377 1994 1568 2051 aceepit,
1593 2002 1640 2039 et
1674 1993 1789 2038 dixit
1829 2009 1878 2039 se

246 2085 452 2115 vsurum.

335 2148 538 2192 Tandem
559 2148 687 2204 potui
714 2149 822 2194 dare
858 2148 1012 2192 literas
1044 2148 1158 2206 regi,
1179 2149 1301 2204 quod
1326 2148 1335 2207 Ι
1360 2155 1602 2193 curauerat
1634 2148 1874 2201 Araozius;

243 2224 326 2269 sed
346 2223 409 2267 ita
430 2231 686 2277 curauerat,
712 2232 761 2268 vt
783 2224 895 2268 nihil
910 2225 1061 2281 mjnus
1098 2239 1258 2270 curare
1278 2226 1459 2283 poterit:
1485 2225 1551 2269 fui
1572 2224 1693 2269 enim
1709 2224 1877 2269 admis—

241 2314 338 2354 sus,
362 2315 504 2357 quum
525 2301 610 2345 iret
630 2302 688 2345 ad
708 2301 907 2355 missam,
932 2301 1093 2347 obiter.
1114 2301 1200 2345 Fui
1215 2316 1305 2359 ego
1324 2303 1611 2359 pertubatus,
1642 2301 1876 2359 respondit

243 2378 457 2423 humane:
486 2379 654 2435 «Seays
675 2378 782 2424 bien
802 2378 984 2432 venido,
1009 2379 1176 2422 hablad
1196 2383 1223 2422 a
1244 2379 1497 2436 Ruigomez
1522 2380 1582 2422 ¹.»

334 2454 508 2499 Literas
530 2462 681 2500 tamen
703 2455 859 2500 audiui
881 2470 981 2501 esse
1003 2456 1167 2500 relatas
1188 2456 1247 2499 ad
1261 2455 1578 2513 hispalensem.

231 2579 233 2582 y
336 2531 453 2574 Cum
474 2531 696 2577 Roderico
717 2532 794 2590 egi
813 2533 872 2577 de
891 2532 1034 2578 literis
1054 2532 1435 2590 commendatitijs
1457 2534 1472 2555 ²
1496 2532 1619 2590 regis
1640 2534 1696 2576 ad
1720 2533 1870 2577 Pium:

242 2621 323 2651 eas
342 2606 464 2650 misit
484 2609 722 2653 Araozius.
748 2609 957 2654 Timebat
979 2609 1066 2653 sibi
1086 2611 1144 2653 D.
1172 2609 1448 2667 Rodriguez,
1473 2624 1532 2654 ne
1555 2610 1612 2654 ab
1629 2609 1874 2666 hispalensi

242 2682 615 2740 interrogaretur.
646 2685 776 2729 Illum
795 2700 851 2730 eo
882 2685 1057 2730 facilius
1084 2685 1202 2739 misi,
1232 2685 1355 2730 130
1382 2694 1432 2730 vt
1459 2686 1639 2732 iuuaret
1667 2688 1874 2743 neophy-

245 2766 316 2803 tos
340 2773 399 2803 ex
432 2760 698 2814 sarracenis,
736 2762 818 2807 sed
848 2762 923 2807 ille
960 2769 1085 2808 recta
1121 2764 1326 2807 Romam.
1373 2763 1575 2808 Discessi
1611 2763 1772 2807 Toleto
1815 2775 1872 2807 20

241 2836 409 2893 Martij,
429 2837 671 2880 admodum
691 2845 927 2894 pertaesus
943 2839 1321 2885 consuetudinem
1335 2854 1451 2884 cum*
1463 2840 1635 2884 aulicis.
1662 2839 1751 2884 Hic
1778 2839 1873 2883 vidi

243 2913 535 2966 Malferitum,
560 2912 742 2959 Rieram
755 2921 803 2958 et
818 2916 1110 2960 Torroellam.
1130 2916 1303 2974 Accepi
1324 2917 1382 2961 ab
1398 2916 1612 2969 Araozio,
1638 2916 1686 2959 in
1707 2916 1874 2972 quibus

240 2989 481 3033 dubitabat
502 2989 575 3033 vel
589 2989 885 3035 dificultatem
905 2991 1144 3046 sentiebat,
1169 2999 1215 3037 et
1236 3008 1263 3037 a
1285 2995 1339 3037 P.
1359 2993 1577 3047 Antonio,
1603 3000 1691 3038 etc.
1721 2993 1728 3051 Ι

318 3098 329 3118 ¹
378 3096 640 3144 SACCHINUS,
658 3097 736 3133 loc.
759 3097 844 3142 cit.,
863 3109 907 3133 n.
930 3097 966 3133 8.

316 3157 330 3177 ³
380 3157 469 3201 Ms.,
488 3155 811 3202 commendatijs.
