2196 3522
942 320 944 322 .
1019 284 1106 329 1561
1832 291 1878 329 75

330 389 538 433 Fuerunt
572 388 723 444 plures
755 386 1072 444 responsiones
1103 387 1177 431 hic
1208 388 1372 440 factae,
1410 400 1547 443 quam
1582 386 1629 430 in
1667 385 1766 442 alijs
1789 387 1881 430 col-

239 465 392 523 legijs.
422 464 430 524 Ι

334 544 468 587 Eram
490 557 582 600 ego
610 549 860 599 occupatus
889 542 936 585 in
957 541 1232 596 visitatione,
1265 556 1406 599 quum
1433 556 1541 587 ecce
1564 541 1645 585 tibi
1671 541 1798 586 venit
1824 542 1883 585 ad

245 635 319 664 me
357 622 411 664 P.
450 621 488 664 F
489 619 738 663 ranciscus.
780 621 981 664 Venerat
1017 635 1074 664 ex
1111 619 1310 663 Castella
1347 621 1399 663 P.
1441 619 1704 676 Sayauedra
1745 620 1779 671 ¹,
1825 619 1882 662 ad

243 697 379 741 cuius
405 698 672 750 aduentum,
703 704 879 741 mutato
906 696 1112 750 consilio,
1143 696 1303 740 statuit
1330 698 1518 740 Romam
1550 696 1790 754 proficisci;
1816 702 1879 751 et,

242 781 295 817 vt
320 774 571 832 periculum
607 773 788 827 vitaret,
818 773 1038 831 nauigare
1071 774 1129 817 ad
1158 773 1413 830 proximum
1448 780 1629 830 portum
1663 773 1878 817 Baionae.

243 852 356 897 Inde
377 866 456 908 per
477 851 691 905 Galliam,
717 858 813 894 tum
836 852 1026 895 Romam
1048 851 1338 894 contendere.

334 929 450 986 Ego,
470 943 611 984 quum
620 934 775 973 'essem
792 927 940 971 iturus
961 927 1008 970 in
1026 927 1287 980 Castellam,
1312 927 1620 972 necessarium
1636 927 1745 970 duxi
1767 928 1883 972 145

242 1005 307 1048 ita
328 1020 401 1050 me
422 1006 480 1049 de
500 1006 586 1049 hac
608 1004 749 1050 itione
770 1018 923 1062 agere,
948 1011 999 1048 vt
1019 1018 1199 1061 semper
1218 1011 1340 1048 esset
1361 1003 1471 1047 mihi
1493 1003 1725 1062 integrum
1742 1005 1883 1062 profi—

244 1082 331 1128 teri
353 1097 406 1126 ac
427 1082 576 1127 iurare
598 1096 670 1126 me
693 1088 879 1126 auctore
901 1081 1028 1124 illum
1050 1095 1143 1125 non
1164 1095 1264 1125 esse
1292 1082 1563 1138 profectum,
1594 1082 1668 1125 vel
1689 1095 1885 1126 consen-

244 1159 404 1214 tiente3
428 1174 521 1203 non
542 1158 743 1216 potuisse
766 1165 918 1202 tamen
940 1157 1174 1215 impedire,
1199 1159 1322 1214 quod
1342 1172 1397 1202 ea
1418 1157 1465 1202 in
1487 1173 1536 1203 re
1563 1157 1661 1215 ipse
1683 1158 1885 1215 accepis—

247 1243 319 1281 set
340 1253 367 1281 a
390 1239 438 1281 P.
464 1235 665 1294 generali
682 1235 953 1281 libertatem.

339 1315 594 1371 Acceperat
613 1312 766 1357 literas
788 1327 815 1356 a
838 1314 891 1357 P.
919 1313 1089 1370 Layne,
1114 1312 1193 1368 qui
1209 1312 1437 1369 jntellexit
1462 1313 1645 1370 probari
1676 1313 1752 1357 illo
1781 1328 1886 1370 pro-

249 1391 507 1437 fectionem:
532 1397 770 1467 acceperat
790 1391 933 1435 breue
955 1390 1269 1447 apostolicum,
1295 1405 1386 1447 quo
1406 1391 1704 1443 euocabatur,
1730 1390 1777 1434 in
1795 1405 1886 1446 quo

244 1467 359 1512 illud
375 1482 464 1525 ego
480 1467 726 1512 noluissem
744 1481 1024 1524 expressum:
1046 1466 1308 1524 petentibus
1330 1467 1548 1511 cardinali
1570 1467 1827 1513 ferrariensi
1853 1466 1860 1525 Ι

245 1552 294 1589 et
318 1547 370 1589 P.
397 1547 553 1602 Layne
575 1559 676 1590 esse
698 1557 983 1590 concessum.

336 1621 452 1666 Dico
488 1621 629 1679 igitur
656 1621 719 1665 illi
750 1628 800 1664 vt
830 1620 928 1678 ipse
955 1636 1034 1678 per
1062 1636 1110 1665 se
1138 1628 1325 1665 statuat:
1357 1636 1430 1667 me
1459 1636 1554 1666 non
1582 1636 1715 1678 posse
1743 1621 1887 1678 impe-

247 1698 348 1744 dire
371 1699 405 1742 ¹.

340 1776 607 1828 Confirmat,
628 1790 745 1832 quae
765 1779 1020 1830 statuerat,
1060 1776 1296 1833 nauigare.
1338 1777 1389 1819 In
1436 1790 1535 1820 eam
1584 1791 1679 1821 rem
1725 1777 1890 1835 accipit

252 1853 460 1910 Ljonello
482 1854 539 1897 de
561 1853 688 1897 Lima
709 1860 755 1898 et
777 1865 864 1907 400
894 1863 935 1899 Δ
965 1868 1022 1897 ex
1044 1852 1130 1896 illis
1154 1854 1206 1896 P.
1233 1853 1412 1910 Ignatii.

343 1930 559 1987 Nauigat‚
584 1931 665 1974 sed
688 1940 760 1974 2.0
785 1930 857 1973 die
879 1929 1074 1974 afflictus
1097 1929 1235 1973 nimia
1256 1930 1450 1975 iactione
1472 1937 1519 1976 et
1535 1932 1648 1984 salo,
1668 1938 1716 1975 et
1731 1931 1828 1988 ipse
1844 1939 1892 1975 et

252 2007 361 2064 socij
386 2006 502 2051 redit
531 2008 588 2051 ad
626 2007 675 2052 S.
715 2006 880 2051 Felicis
903 2008 934 2050 ³.
962 2008 1072 2052 Inde
1099 2006 1330 2064 significat
1359 2022 1439 2064 per
1467 2008 1636 2063 literas,
1668 2023 1717 2052 se
1744 2023 1891 2064 quan-

250 2084 495 2141 doquidem
517 2099 610 2131 non
631 2083 853 2128 successit
874 2083 1130 2141 nauigatio,
1155 2084 1242 2129 iter
1262 2084 1596 2142 ingressurum,
1621 2092 1671 2129 vt
1692 2101 1773 2143 per
1800 2087 1892 2130 Ca-

252 2162 431 2207 stellam
453 2169 542 2207 eat.

341 2239 459 2283 146
519 2240 826 2284 Vehementer
856 2246 903 2282 et
951 2237 1060 2281 mihi
1090 2245 1135 2283 et
1164 2238 1263 2295 alijs
1292 2239 1505 2284 Patribus
1541 2239 1772 2297 displicuit
1805 2242 1892 2284 hoc

250 2315 509 2370 consilium,
529 2316 650 2372 quod
673 2314 720 2359 in
741 2322 917 2360 certum
940 2315 1191 2372 periculum
1215 2330 1266 2360 se
1285 2315 1518 2361 videretur
1538 2316 1778 2374 conijcere.
1806 2319 1888 2371 Ita,

254 2392 423 2436 auditis
446 2392 675 2445 Patribus,
700 2407 725 2436 e
754 2391 951 2450 uestigio
978 2392 1127 2437 missis
1154 2392 1313 2448 literis,
1345 2394 1711 2439 constantissime
1738 2394 1893 2438 disua-

256 2470 346 2512 deo
367 2469 716 2526 profectionem,
731 2476 870 2526 atque
891 2469 1027 2514 etiam
1050 2468 1170 2513 illam
1199 2469 1419 2527 improbo.
1453 2471 1550 2515 Has
1578 2470 1731 2516 literas
1763 2471 1894 2514 mitto

259 2546 318 2589 ad
338 2545 480 2598 illum,
504 2561 638 2591 seruo
661 2547 781 2603 apud
802 2560 875 2590 me
896 2547 1154 2603 exemplum
1176 2546 1469 2604 obsignatum
1490 2564 1516 2592 a
1538 2563 1611 2593 me
1633 2554 1679 2592 et
1700 2563 1727 2592 a
1745 2547 1894 2592 Patn'-

258 2623 362 2676 bus,
387 2621 553 2677 quibus
573 2624 811 2679 probarem
833 2623 944 2666 nihil
967 2623 1159 2667 attinere
1182 2623 1255 2668 vel
1270 2625 1328 2667 ad
1342 2639 1430 2678 me,
1453 2625 1524 2668 vel
1542 2625 1598 2668 ad
1620 2609 1893 2670 Societatem

258 2700 381 2744 illam
402 2698 604 2743 itionem.

347 2775 535 2820 Etiamsi
546 2775 666 2838 nihil
674 2783 744 2820 est
760 2791 914 2822 morae
929 2778 1128 2835 positum
1146 2779 1192 2822 in
1202 2778 1453 2823 scribendis
1480 2779 1487 2838 Ι
1514 2786 1560 2824 et
1577 2778 1808 2822 mittendis
1823 2779 1896 2822 his

254 2853 415 2908 literis,
443 2859 594 2896 tamen
622 2867 714 2896 non
742 2853 889 2910 potuit
917 2855 1107 2899 nuntius
1143 2855 1269 2899 illum
1306 2856 1542 2913 consequi3
1583 2855 1735 2899 statim
1773 2855 1896 2900 enim

334 2981 345 3004 ¹
396 2979 478 3025 Sic,
492 2989 562 3026 pro
582 2977 807 3014 Saavedra.

331 3042 345 3062 ²
395 3039 657 3083 SAccnmus,
677 3037 750 3072 loc.
770 3037 854 3082 cit.,
873 3049 911 3075 n.
929 3046 988 3073 21.

334 3100 349 3120 ³
400 3099 490 3144 Ms.,
514 3097 706 3133 Ficilicis.
1018 3100 1020 3103 '
