2196 3522
0 0 605 47 pffrxz‘wmnzz-›fssxssarzw²
626 0 631 4 ·
651 18 669 36 γ’
731 17 737 19 Δ

0 48 13 58 ν

960 258 1182 296 Appmmix
1816 257 1887 304 645

336 360 472 405 Circa
506 359 610 404 libri
645 359 878 417 prohibiti,
908 360 951 404 le
979 359 1292 414 translatione,
1323 360 1354 404 li
1381 360 1552 405 missali
1578 367 1625 405 et
1651 359 1882 417 breuiarij,

245 422 349 465 sara
369 421 460 465 ben
482 419 520 464 si
539 419 647 463 lassi
668 421 862 476 qualche
882 421 974 464 bon
996 419 1169 464 ordine.

335 479 468 523 Circa
489 479 519 522 il
541 479 863 537 allogiamento
885 493 972 523 con
994 479 1026 522 il
1046 481 1177 523 Rmo.
1209 479 1492 534 warmiense,
1524 479 1568 523 io
1596 478 1643 522 in
1670 478 1815 523 verita
1841 479 1886 523 lo

57 548 83 576 ⁰
244 545 396 584 acetto
419 553 506 582 con
531 541 635 581 tutt’
659 538 691 581 il
713 553 867 592 cuore,
899 546 945 583 et
972 553 1053 596 per
1079 539 1274 595 qualche
1302 538 1528 583 necessita
1554 553 1648 582 non
1674 539 1886 583 recusaro

245 598 335 642 mia
356 605 512 642 stanza
535 598 631 641 sola
650 598 697 641 in
719 599 919 655 palazzo.
1771 607 1775 610 ’

336 659 487 715 Prego
510 658 567 701 V.
594 658 645 702 S.
669 657 715 700 di
737 672 859 701 nouo
880 655 1066 702 resaluti
1087 656 1134 700 di
1155 658 1258 700 tutt’
1282 656 1313 699 il
1335 671 1473 701 cuore
1499 656 1547 700 in
1574 657 1665 701 mio
1693 671 1828 701 nome
1855 656 1887 699 il

246 717 361 760 Rdo.
389 719 442 760 P.
470 718 663 773 LayneS,
690 719 743 760 P.
769 718 1005 762 Salmeron
1026 723 1073 760 et
1094 716 1125 758 li
1146 716 1264 770 altri3
1289 723 1335 759 et
1357 724 1529 772 quanto
1550 717 1592 760 al
1615 717 1764 761 Padre
1791 716 1884 759 don

245 775 432 832 Luysio,
459 776 505 819 in
526 775 671 819 verita
698 776 760 818 mi
788 783 923 819 trouo
950 782 1077 819 tanto
1104 775 1195 820 ben
1222 775 1465 828 satisfatto,
1500 783 1547 820 et
1579 775 1685 819 tutti
1716 775 1747 818 li
1779 774 1884 820 miei

246 835 451 880 todeschi
474 842 519 880 et
541 834 729 888 italiani,
755 842 801 880 et
823 842 949 879 tanto
970 849 1029 878 ne
1050 834 1192 878 siamo
1220 834 1402 888 deuotis
1423 837 1508 879 che
1536 835 1582 878 in
1611 836 1749 878 modo
1777 849 1881 878 nes-

244 909 361 938 suno
382 894 604 951 potriamo
626 909 750 939 esser
771 909 852 951 per
873 901 1035 950 questo
1058 901 1178 938 tutto
1198 893 1386 951 viaggio
1403 894 1597 951 priuato.
1619 894 1755 939 Siche
1773 894 1883 950 pero

245 968 387 1010 prego
409 961 455 997 et
476 953 681 1011 supplico
704 956 774 997 ch'
804 954 836 997 il
864 956 917 997 P.
950 953 1118 998 Lainez
1148 968 1240 996 non
1268 953 1380 1011 pigli
1408 955 1522 997 altro
1553 954 1728 1006 ordine,
1760 967 1878 996 mas-

243 1013 357 1056 sime
379 1013 540 1069 poiche
562 1013 606 1056 io
627 1028 700 1058 me
722 1028 779 1058 ne
800 1020 1017 1056 contento
1039 1020 1182 1067 tanto,
1208 1019 1255 1057 et
1276 1014 1337 1056 mi
1358 1014 1549 1058 sarebbe
1571 1027 1714 1070 graue
1737 1012 1783 1056 di
1800 1014 1882 1056 ha-

245 1075 340 1117 uer’
366 1072 411 1115 di
433 1087 555 1116 nouo
576 1073 633 1115 de
654 1079 803 1116 mutar
823 1073 1091 1125 confessor’,
1117 1073 1221 1129 qual
1239 1072 1316 1129 gia
1331 1074 1357 1116 e
1374 1072 1627 1116 introdutto
1644 1087 1731 1116 con
1747 1071 1880 1128 piena

243 1131 517 1175 satisfattion
540 1133 597 1176 de
619 1138 737 1174 tutta
763 1132 807 1175 la
833 1146 954 1175 casa.
987 1131 1115 1188 Ogni
1143 1133 1278 1175 modo
1307 1139 1503 1176 staremo
1531 1145 1648 1188 poco
1675 1131 1722 1174 in
1750 1131 1877 1187 Spai-

243 1205 352 1247 gna,
377 1198 422 1234 et
444 1198 615 1246 quanto
636 1190 781 1247 primo
805 1205 892 1234 con
913 1191 956 1234 la
977 1191 1125 1248 gratia
1146 1191 1203 1235 de
1225 1191 1313 1235 Dio
1329 1206 1380 1236 se
1397 1198 1653 1236 torneremo
1670 1190 1876 1235 insieme:

243 1249 289 1292 in
312 1258 472 1306 questo
495 1264 620 1294 meso
639 1264 732 1294 non
753 1249 927 1306 saperei
948 1264 1078 1295 come
1099 1250 1331 1294 cambiar’.
1360 1251 1462 1295 Con
1491 1259 1669 1306 questo,
1694 1250 1740 1292 di
1764 1257 1883 1293 tutto

242 1308 275 1351 il
296 1323 435 1353 cuore
457 1323 599 1366 prego
619 1309 709 1353 Dio
731 1309 777 1352 vi
798 1309 872 1353 dia
900 1309 1011 1367 ogni
1034 1317 1265 1353 contento.
1290 1310 1458 1355 Scritto
1480 1326 1506 1354 a
1536 1311 1751 1363 Bolzano,
1783 1324 1810 1353 a
1837 1310 1882 1352 di

245 1380 301 1422 27
324 1370 381 1413 de
402 1369 520 1427 9,bre
550 1369 674 1424 1563.
702 1371 772 1414 De
794 1370 851 1413 V.
878 1370 932 1413 R.
961 1370 1012 1413 P.
1039 1369 1299 1414 amoreuole
1322 1370 1512 1422 fratello,

946 1429 995 1472 IL
1027 1443 1270 1473 CARDINAL
1302 1431 1348 1473 D’
1384 1430 1640 1473 AUGUSTA.

334 1487 578 1542 Inscriptio
608 1487 659 1529 in
691 1491 857 1543 quarta
882 1489 1067 1555 pagina
1094 1489 1189 1531 alia
1217 1503 1376 1531 manu:
1404 1489 1464 1532 Al
1503 1489 1617 1532 Rdo.
1659 1487 1705 1531 in
1738 1490 1878 1544 Xpo.,

0 1571 10 1593 =.
242 1559 372 1588 come
395 1545 570 1590 fratello
591 1554 746 1590 nostro
769 1547 1060 1601 amatiSS1mo,
1086 1547 1118 1591 il
1155 1549 1208 1591 P.
1250 1547 1481 1592 Giovanni
1512 1548 1731 1602 Polanco,
1763 1548 1882 1591 della

0 1607 7 1661 ξ
242 1605 529 1661 Compagnia
549 1606 623 1650 del
639 1607 766 1664 Jesu.
793 1607 982 1651 Trento.

972 1767 1148 1810 XXVII

737 1867 789 1906 Β.
823 1867 1059 1904 PETRUS
1091 1867 1384 1904 CANISIUS

788 1970 929 2001 PATRI
953 1970 1136 2011 JAcoBo
1159 1971 1335 2002 LAINEZ

641 2045 900 2101 Augustae,
935 2059 963 2100 4
993 2046 1261 2091 Decembris
1298 2047 1408 2102 1563
1446 2048 1474 2090 ¹.

240 2132 507 2170 Catechistam
531 2133 594 2168 vel
617 2134 934 2170 concionatorem
957 2146 976 2171 e
996 2135 1190 2171 Societate
1214 2135 1414 2183 Dilingae
1443 2136 1683 2170 constituere
1712 2135 1881 2170 minime

409 2181 610 2227 expe-dire:
629 2181 677 2216 de
694 2182 893 2228 magistro
917 2182 1153 2218 Theobaldo:
1171 2184 1219 2219 de
1236 2183 1405 2231 collegio
1421 2183 1702 2229 herbipolensi.

331 2259 427 2300 Pax
450 2256 575 2300 Chri.
603 2269 654 2300 21
679 2258 952 2303 Nouembris
973 2260 1103 2303 datas
1131 2259 1301 2316 accepi,
1327 2267 1373 2304 et
1394 2259 1631 2303 adiunctas
1653 2259 1754 2303 misi
1776 2261 1878 2303 Mo-
1939 2265 1947 2273 '

240 2315 455 2360 nachium
484 2317 540 2359 ad
569 2317 623 2359 P.
655 2317 879 2370 Natalem,
910 2332 1044 2374 quem
1074 2333 1197 2363 nunc
1234 2318 1484 2375 Oeniponti
1520 2333 1620 2362 esse
1647 2325 1877 2374 putamus,

239 2376 492 2430 eodemque
514 2375 717 2418 misimus
740 2377 1032 2421 Ambrosium
1054 2385 1281 2433 nostrum,
1306 2379 1466 2423 eodem
1486 2380 1622 2422 Patre
1639 2378 1876 2428 suadente,

240 2442 292 2478 ut
312 2434 356 2477 in
382 2434 623 2478 uocatione
645 2449 728 2478 sua
750 2435 919 2480 rectius
939 2438 1160 2482 habeat...

329 2493 499 2549 Scripsi
521 2494 578 2536 ad
595 2494 790 2538 eundem
809 2496 861 2539 P.
883 2497 1108 2550 Natalem,
1129 2498 1219 2540 hoc
1237 2495 1418 2552 quidem
1438 2503 1643 2551 tempore
1659 2509 1751 2538 non
1768 2509 1879 2539 con-

241 2552 398 2596 uenire
419 2552 580 2604 uideri,
607 2559 674 2606 ut,
699 2555 1080 2608 quemadmodum
1102 2555 1344 2599 cardinalis
1372 2555 1588 2611 postulat,
1614 2555 1690 2599 uel
1711 2555 1876 2610 Augu-

239 2618 336 2655 stae
358 2610 540 2667 quidam
564 2627 589 2656 e
611 2612 780 2656 nostris
800 2614 1125 2658 catechismum
1149 2614 1410 2672 germanice
1430 2615 1609 2666 doceat,
1636 2613 1710 2657 uel
1730 2613 1878 2657 Dilin-

239 2685 327 2726 gae
348 2670 713 2714 concionatorem
735 2679 843 2728 agat
864 2672 1157 2717 ordinarium.
1188 2675 1260 2718 De
1287 2681 1482 2729 utroque
1504 2679 1609 2729 aget
1630 2671 1705 2716 ille
1726 2686 1878 2716 coram

241 2730 386 2773 fusius
407 2729 525 2772 sicut
546 2737 592 2773 et
607 2730 664 2773 de
687 2732 984 2788 typographia
1011 2732 1312 2790 dilingensi...
1338 2734 1454 2776 Nam
1484 2733 1619 2775 ualde
1640 2732 1877 2787 perturba—

240 2796 315 2832 tus
337 2796 405 2833 est
422 2789 559 2832 huius
585 2789 805 2834 ecclesiae
832 2797 995 2844 status,
1020 2793 1079 2835 ob
1104 2792 1255 2836 uarios
1283 2791 1553 2836 clericorum
1576 2805 1807 2843 excessus,
1833 2799 1879 2834 et

239 2848 406 2892 desunt
427 2847 591 2892 medici
613 2847 684 2891 his
700 2848 983 2905 grauissimis
1004 2858 1050 2895 et
1071 2850 1338 2896 inueteratis
1359 2850 1544 2903 morbis,
1572 2857 1621 2893 ut
1643 2850 1776 2906 plena
1797 2865 1878 2893 ex-

236 2906 699 2950 communicationum
737 2914 783 2951 et
814 2908 1200 2965 irregularitatum
1229 2910 1381 2953 omnia
1416 2909 1673 2954 uideantur.
1694 2910 1800 2964 Qua
1821 2910 1879 2953 de

311 3039 322 3060 ¹
372 3037 431 3072 Ex
448 3037 676 3084 archetypo,
695 3037 735 3073 in
755 3037 886 3085 Epist.
908 3036 1081 3085 canisii,
1099 3039 1131 3083 1,
1147 3038 1294 3086 duplici
1311 3038 1380 3075 fol.
1409 3047 1476 3084 124
1493 3036 1594 3083 (363,
1614 3036 1719 3083 364).
