2196 3522
694 270 955 306 Pnoommm
979 274 1164 303 saeuum
1188 265 1425 302 vomnmns'
1837 274 1879 300 rx

235 371 309 427 tit,
333 372 534 417 edendas
555 379 602 417 et
622 371 916 415 illustrandas
942 382 1194 426 speramus·
1218 365 1396 411 Natalis
1417 365 1476 410 ad
1502 365 1630 409 illum
1651 372 1882 411 caeteros-

238 463 328 505 que
355 447 597 494 Societatis
623 448 934 493 moderatores
962 445 1176 503 epistolas
1212 432 1457 487 nonnullas
1494 442 1631 488 etiam
1664 457 1749 487 suo
1779 444 1884 487 loco

240 525 467 571 dabimus.
504 580 508 584 .

329 603 548 660 Reliquae
570 604 754 647 tandem
774 601 993 659 epistolae
1013 607 1123 645 sunt
1149 600 1222 644 vel
1251 598 1548 644 cardinalium
1569 605 1616 642 et
1644 597 1883 655 episcopo—

240 695 341 724 rum
363 682 422 725 ad
444 684 498 725 P.
530 681 695 734 Nadal,
719 681 795 724 vel
815 680 874 724 ad
893 677 1137 725 Societatis
1157 677 1445 734 praepositos
1473 691 1556 722 seu
1584 675 1792 730 vicarios,
1823 676 1882 719 de

238 758 436 816 negotiis
458 773 564 802 cum
584 758 746 802 eodem
766 755 919 802 Natali
936 754 1192 808 transactis3
1211 755 1286 798 vel
1301 753 1440 798 etiam
1455 752 1703 797 amicorum
1721 751 1882 798 Socie-

239 835 361 890 tatis,
385 835 483 880 sive
505 835 570 881 rei
591 835 838 892 gerendae,
857 833 956 877 sive
972 831 1109 876 officii
1131 830 1296 889 gratia,
1315 829 1618 887 conscriptae3
1638 830 1712 874 vel
1728 829 1882 874 socio-

238 927 339 956 rum
360 913 418 956 ad
439 913 667 966 Natalem,
690 909 982 969 particularia
1002 909 1088 967 ipsi
1110 907 1545 961 commendantium,
1565 908 1638 950 vel
1659 907 1882 964 collegio—

239 1004 340 1034 rum
362 1004 578 1047 prospera
598 996 645 1034 et
667 989 858 1060 adversa
878 986 1190 1032 referentium.

333 1158 374 1200 3.
438 1145 752 1201 Epistolarum
774 1145 1233 1202 argumenta.—Jam
1256 1143 1314 1187 ad
1334 1157 1408 1187 res
1435 1141 1573 1198 ipsas,
1605 1141 1652 1184 in
1681 1140 1885 1197 epistolis

240 1222 380 1279 hujus
400 1221 645 1266 voluminis
665 1228 913 1274 enarratas,
939 1221 1125 1266 festinat
1145 1221 1364 1273 calamus,
1388 1234 1507 1275 quae
1527 1218 1710 1275 quidem
1727 1219 1784 1262 ad
1802 1218 1883 1261 tri—

241 1299 347 1356 plex
367 1306 506 1356 caput
525 1298 683 1342 reduci
705 1299 943 1342 commode
962 1299 1132 1342 valent.
1165 1311 1181 1342 1
1193 1309 1275 1342 ‚um
1301 1298 1359 1342 de
1380 1296 1452 1350 iis,
1477 1310 1595 1353 quae
1611 1296 1669 1339 ad
1686 1310 1882 1353 genera-

239 1377 329 1422 lem
351 1375 572 1421 ecclesiae
593 1375 827 1420 historiam
849 1375 1163 1420 illustrandam
1187 1375 1375 1420 faciunt.
1402 1385 1517 1418 2‚um
1545 1375 1604 1419 de
1625 1373 1696 1426 iis,
1716 1372 1885 1429 quibus

239 1452 480 1499 Societatis
495 1455 607 1512 Jesu
630 1460 763 1511 gesta
783 1452 986 1511 pleniore
1001 1454 1105 1497 luce
1121 1453 1470 1510 perfunduntur.
1493 1463 1600 1507 3‚um
1615 1451 1807 1495 vtandem
1824 1451 1883 1493 de

239 1531 392 1583 rebus,
418 1545 536 1586 quae
557 1531 615 1574 ad
637 1532 691 1575 P.
717 1531 880 1584 Nadal,
904 1530 1180 1576 Germaniae
1201 1530 1396 1588 collegia
1412 1530 1779 1587 perlustrantem,
1799 1541 1884 1584 po-

239 1607 464 1652 tissimum
483 1608 758 1652 referuntur.

331 1696 464 1728 Lam.
487 1686 588 1728 Pro
603 1685 798 1728 historia
812 1685 1353 1743 ecclesiastica.—1ncipit
1370 1687 1459 1729 hoc
1475 1685 1726 1728 secundum
1745 1683 1881 1726 volu-

241 1767 347 1807 men
368 1762 426 1806 ab
447 1776 504 1806 eo
529 1769 748 1819 tempore,
780 1777 872 1819 quo
898 1777 1139 1820 supremus
1167 1762 1398 1808 Ecclesiae
1434 1762 1638 1819 pontifex
1676 1759 1788 1804 Pius
1817 1760 1880 1803 IV

241 1840 503 1896 generalem
540 1840 768 1896 synodum
806 1840 1012 1884 Tridenti
1049 1840 1296 1894 revocavit,
1339 1840 1440 1884 «cui
1476 1838 1655 1897 Legati,
1696 1836 1880 1889 eruditi,

242 1922 380 1972 atque
400 1915 558 1973 optimi
579 1916 664 1960 viri
674 1919 876 1975 Joannes
892 1920 1111 1963 Moronus
1128 1917 1380 1975 Episcopus
1397 1915 1739 1967 Praenestinus,
1760 1915 1882 1958 Her-

241 1993 368 2038 cules
389 1993 628 2051 Gonzaga,
654 1994 963 2051 Hieronymus
985 1995 1281 2053 Seripandus,
1306 1995 1560 2042 Stanislaus
1577 1992 1767 2045 Hosius,
1786 1993 1882 2036 Lu-

238 2069 432 2114 douicus
461 2071 730 2125 Simonetta,
763 2073 1023 2116 Bernardus
1049 2072 1329 2131 Naugerius,
1369 2075 1553 2118 Marcus
1589 2071 1788 2117 Sciticus
1821 2071 1880 2114 de

239 2147 495 2205 AltaempS,
521 2149 571 2193 S.
597 2149 652 2192 R.
685 2150 738 2192 E.
771 2150 907 2194 Card.
939 2149 1246 2195 interfuerunt
1276 2152 1336 2194 ¹.»
1368 2151 1551 2195 Horum
1579 2163 1660 2206 pro
1686 2147 1879 2192 ecclesia

239 2225 464 2269 catholica
491 2225 685 2281 labores,
719 2234 766 2270 et
797 2226 844 2270 in
871 2226 1146 2272 Societatem
1167 2230 1281 2287 Jesu
1313 2242 1431 2272 amm
1463 2234 1510 2272 et
1540 2225 1876 2277 benevolentia,

190 2342 195 2345 ,
239 2301 421 2359 saepius
457 2302 505 2346 in
540 2304 627 2347 hoc
664 2303 894 2348 volumine
921 2312 1352 2359 commemorantur,
1383 2304 1647 2362 praesertim
1679 2302 1876 2356 Moroni,

241 2378 508 2436 Gonzagae,
553 2387 600 2425 et
641 2380 789 2435 Hosii,
834 2382 967 2438 cujus
1003 2381 1219 2439 epistolae
1255 2383 1430 2440 plures,
1469 2382 1671 2426 nondum
1708 2379 1875 2431 editae,

241 2456 365 2511 quod
385 2456 596 2511 sciamus,
616 2458 855 2515 appendici
869 2459 1083 2514 insertae,
1103 2459 1148 2502 id
1165 2459 1420 2504 luculenter
1435 2459 1872 2503 commonstrabunt.

332 2532 614 2578 Luctuosum
635 2549 744 2579 vero
766 2536 986 2581 ecclesiae
1006 2542 1176 2580 statum
1198 2536 1245 2580 in
1266 2536 1513 2582 Germania
1529 2543 1576 2581 et
1594 2535 1799 2588 polonia,
1819 2535 1878 2577 de

243 2623 334 2665 quo
355 2609 536 2666 saepius
562 2610 610 2655 in
637 2612 782 2668 primo
809 2612 1041 2658 volumine
1068 2628 1218 2657 sermo
1238 2613 1412 2667 incidit,
1444 2613 1610 2657 clarius
1636 2613 1774 2668 hujus
1802 2626 1876 2654 se—

240 2685 380 2729 cundi
399 2688 707 2732 monumentis
728 2690 929 2746 patefiet,
954 2704 1011 2734 ex
1038 2690 1205 2746 quibus
1226 2691 1340 2736 haec
1356 2705 1502 2747 pauca
1517 2691 1761 2746 decerpere
1777 2689 1877 2732 suf-

238 2761 377 2806 ficiat:
407 2763 572 2819 «Quod
593 2766 651 2808 ad
671 2767 961 2811 sacerdotum
982 2766 1248 2824 coniugium
1277 2767 1454 2820 attinet,
1484 2782 1578 2810 non
1606 2766 1739 2810 video
1766 2764 1875 2821 quid

239 2838 410 2896 sperari
432 2839 594 2884 melius
614 2841 772 2898 possit:
798 2843 973 2887 utinam
1002 2844 1097 2887 tolli
1127 2851 1282 2901 posset
1312 2844 1508 2889 ebrietas
1536 2844 1583 2887 in
1610 2841 1873 2888 Germania:

237 2930 331 2959 non
352 2915 416 2959 ita
445 2930 614 2973 magno
643 2919 838 2976 negocio
864 2920 956 2964 vita
985 2935 1167 2977 quoque
1199 2922 1433 2966 tolleretur
1454 2920 1727 2978 impudica.»
1759 2921 1877 2977 (Ho-

314 3085 325 3105 ¹
375 3082 624 3129 CIACONJUS,
650 3084 763 3121 Vitae
780 3089 818 3121 et
831 3091 946 3134 gesta
962 3100 1208 3125 summorun
1236 3089 1497 3137 Pontificum,
1517 3090 1568 3135 ΙΙ,
1590 3089 1698 3134 1178.
