2196 3522
360 303 405 339 30
919 300 964 334 P.
992 299 1180 334 NATAL1s
1205 298 1426 334 EPHEMER.

442 446 516 488 3⁷
539 457 573 487 v
1068 440 1295 484 GANDIAE

439 555 648 608 Visitaui,
674 561 761 598 etc.
788 554 854 598 lbi
875 553 1125 597 doctrinam
1148 552 1374 609 xpianam.
1395 552 1622 597 docebant
1642 552 1691 596 in
1711 554 1870 608 classe,
1891 568 1985 611 quo

350 632 684 678 conueniebant
699 631 844 689 pueri,
864 631 1056 688 puellae,
1077 630 1178 683 viri,
1195 629 1422 673 mulieres.
1441 630 1983 676 Habebam-ceremonias

351 711 524 766 aliquas
545 709 592 752 in
615 709 775 765 officijs
797 707 964 752 diuinis
987 707 1205 764 proprias.
1227 707 1316 750 Hic
1333 706 1535 751 intellexi
1552 716 1751 752 errorem
1767 707 1977 765 aedificij,

351 788 474 844 quod
495 788 648 830 nullus
675 793 880 831 curasset
906 800 1011 829 cum
1038 785 1369 837 aedificaretur,
1400 790 1489 828 etc.
1522 785 1816 841 Mutauerant
1842 785 1982 829 ratio-

352 873 473 913 nem,
499 873 634 914 quam
658 864 899 902 tenuerant
920 856 1062 913 prius,
1093 871 1230 912 quam
1259 862 1528 912 acceperant
1556 854 1746 913 (opinor)
1776 871 1803 900 a
1823 871 1983 901 mona·—

351 938 439 980 cho
462 936 537 979 illo
560 936 759 988 Taxeda,
785 941 873 979 etc.
899 933 1141 990 Displicuit
1169 933 1277 976 mihi
1305 933 1428 988 quod
1450 932 1698 978 retinerent
1725 947 1881 978 curam
1901 933 1982 978 :38

350 1012 579 1059 deniensis
606 1011 806 1069 parochi,
838 1018 925 1056 etc.
958 1011 1067 1055 Inde
1094 1010 1199 1054 veni
1222 1009 1438 1068 Mursiam
1464 1011 1493 1052 ¹.
1518 1011 1610 1054 Iam
1640 1017 1877 1067 acceperat
1897 1012 1983 1055 do—

350 1105 474 1134 mum
496 1090 800 1134 simanca'nam
825 1091 877 1132 P.
910 1087 1195 1139 Franciscus,
1222 1102 1294 1131 me
1315 1086 1592 1130 inconsulto:
1618 1086 1707 1130 iam
1729 1086 1819 1131 illic
1847 1086 1982 1131 insti-

350 1174 498 1212 tuerat
518 1168 705 1210 domum
727 1164 1021 1222 probationis.
1053 1163 1059 1222 Ι

1052 1284 1277 1327 MURsrAE

379 1427 381 1430 -
440 1399 506 1442 Ibi
527 1405 624 1442 erat
646 1397 849 1454 Baptista
872 1398 1049 1439 Barma.
1083 1395 1293 1439 Visitaui.
1326 1395 1618 1439 Confecimus
1640 1402 1710 1439 sat
1738 1397 1977 1441 commode

347 1478 405 1521 de
422 1475 686 1519 fundatione
702 1473 879 1530 collegij
889 1508 897 1517 .
919 1473 1022 1528 Vidj
1029 1487 1128 1516 mus
1145 1472 1402 1517 eremitoria
1416 1479 1462 1516 et
1479 1487 1725 1526 secessum,
1743 1487 1879 1529 quem
1893 1488 1951 1530 pa
1973 1500 1974 1503 =

345 1559 525 1597 rauerat
547 1554 599 1595 P.
627 1550 882 1595 Francisco.
910 1550 1019 1593 Inde
1047 1548 1327 1602 Alicantum,
1351 1548 1430 1592 vbi
1450 1550 1752 1606 expectabant
1773 1565 1846 1595 me
1867 1564 1973 1594 cum

344 1629 536 1686 pecunia
563 1630 692 1672 Gous
726 1635 771 1670 et
801 1629 989 1671 Ioannes
1026 1627 1212 1670 Paulus.
1252 1627 1360 1670 Erat
1388 1625 1691 1683 nauigaturus
1723 1626 1770 1670 in
1797 1627 1971 1672 Italiam

342 1708 401 1750 D.
429 1705 736 1751 Bernardinus
754 1711 967 1759 quattuor
984 1703 1255 1747 triremibus.

430 1825 511 1868 39
601 1825 879 1868 NAUIGATIO
903 1837 962 1866 Ex
984 1823 1225 1867 HISPANIA
1254 1836 1303 1866 IN
1326 1823 1528 1866 ITALIAM
1552 1836 1701 1867 PRIMA

428 1936 787 1981 Conscendimus
809 1950 913 1979 cum
935 1935 1139 1992 pecunijs
1161 1938 1224 1980 M.
1251 1936 1471 1980 Emanuel
1492 1943 1538 1979 et
1560 1950 1664 1993 ego,
1685 1950 1769 1980 nec
1787 1937 1876 1981 vlla
1893 1952 1965 1981 ra-

340 2014 462 2058 tione
483 2013 712 2070 potuimus
739 2012 943 2055 obtinere
963 2019 1013 2055 vt
1034 2013 1225 2057 Ioannes
1247 2013 1419 2056 Paulus
1440 2019 1487 2057 et
1513 2013 1644 2056 Gous
1671 2013 1967 2058 admitteren-

338 2098 427 2135 tur.
452 2090 825 2134 Conscenderant
846 2088 893 2131 in
914 2088 1182 2145 praetoriam
1203 2089 1294 2132 don
1315 2088 1466 2145 Diego
1487 2095 1533 2133 et
1554 2090 1734 2143 Loarte,
1759 2096 1806 2135 et
1827 2090 1966 2148 longe

337 2166 572 2211 honestius
600 2181 736 2222 quam
763 2180 846 2209 nos
875 2166 1058 2210 fuerunt
1085 2164 1274 2222 accepti.
1316 2165 1537 2209 Venimus
1575 2166 1761 2210 Saloum
1789 2166 1828 2210 ἰ
1857 2166 1964 2210 inde

335 2256 477 2300 quum
495 2242 826 2287 Barchinonam
845 2241 1142 2295 venissemus,
1167 2248 1317 2286 metus
1334 2256 1360 2285 a
1376 2241 1574 2285 ciuitatis
1611 2242 1847 2287 tormentis
1884 2258 1963 2287 ae—

333 2320 447 2373 neis,
467 2320 590 2376 quod
604 2319 830 2363 deiecerat
846 2319 937 2361 don
954 2318 1260 2363 Bernardinus
1275 2317 1492 2363 vexillum
1514 2318 1707 2363 triremis
1728 2333 1961 2364 commen—

331 2382 501 2440 datoris
522 2395 704 2439 maioris
727 2396 758 2438 ³.
791 2395 898 2438 Inde
927 2395 1113 2439 Saloum
1140 2409 1335 2447 rursum,
1366 2394 1373 2452 Ι
1399 2395 1520 2439 vnde
1544 2409 1634 2459 ego
1663 2395 1787 2439 solus
1815 2403 1958 2442 terre-

403 2511 414 2531 ¹
465 2508 531 2544 Sic
548 2519 617 2555 pro
635 2507 852 2557 Murciam,
871 2506 935 2542 hic
953 2511 993 2542 et
1009 2505 1123 2542 infra.

398 2570 413 2590 2
464 2567 644 2604 «SALOU2
666 2566 791 2602 Aldea
813 2578 840 2613 y
862 2570 1000 2613 puerto
1020 2565 1204 2601 habitado
1227 2577 1320 2612 para
1344 2567 1380 2601 el
1403 2566 1598 2602 comercio
1621 2568 1657 2603 al
1685 2567 1901 2615 estranjero
1929 2581 1957 2616 y

325 2620 519 2674 cabotage
542 2638 592 2662 en
618 2627 655 2662 la
681 2636 806 2673 prov„
832 2624 983 2672 partido
1002 2624 1163 2671 judicia]
1186 2637 1213 2671 y
1235 2624 1404 2661 diocesis
1429 2625 1479 2661 de
1497 2626 1767 2673 Tarragona.»
1786 2627 1959 2669 MADOZ,

327 2687 588 2723 Diccionario
608 2685 854 2734 geogrdfico.

396 2747 411 2767 ¹
461 2746 521 2780 «A
539 2755 584 2780 20
600 2745 650 2780 de
668 2744 903 2788 Setiembre,
921 2743 1145 2781 hallandose
1164 2755 1214 2779 en
1238 2744 1274 2779 el
1292 2744 1436 2780 Muelle
1454 2744 1503 2780 de
1521 2746 1735 2781 Barcelona
1751 2744 1822 2781 dos
1840 2745 1958 2782 Gale-

322 2803 386 2841 ras
399 2804 462 2840 del
481 2803 751 2840 Comendador
768 2803 904 2850 Mayor
920 2804 1009 2838 Don
1027 2803 1121 2838 Luis
1137 2802 1188 2852 de
1199 2804 1353 2849 Zufiiga
1366 2816 1392 2850 y
1406 2804 1653 2852 Requesens,
1668 2809 1852 2840 entraron
1865 2816 1958 2852 qua-

323 2870 382 2900 πο
400 2864 561 2900 Galeras
579 2863 642 2899 del
660 2864 761 2910 Rey,
779 2873 880 2909 cuyo
898 2862 1068 2898 General
1087 2873 1152 2898 era
1169 2862 1257 2897 Don
1274 2862 1514 2899 Bernardino
1531 2863 1581 2899 de
1595 2862 1798 2899 Mendoza:
1816 2863 1853 2898 el
1866 2863 1956 2911 qual

319 2923 412 2959 dixo
426 2924 462 2958 al
480 2922 645 2970 Capitan
662 2921 712 2957 de
729 2923 766 2957 la
783 2922 803 2957 (γ
818 2921 972 2968 apitana
988 2920 1037 2956 de
1053 2921 1296 2968 Requesens,
1310 2933 1386 2969 que
1401 2933 1557 2958 sacasse
1571 2934 1619 2958 su
1629 2921 1878 2959 Estandarte:
1894 2932 1956 2958 es-

317 2985 459 3018 cusose
477 2993 551 3018 con
568 2993 644 3029 que
664 2992 730 3017 era
747 2980 798 3016 de·
821 2981 857 3016 la
879 2980 1046 3026 religion
1063 2979 1114 3015 de
1137 2980 1337 3027 Santiago:
1363 2981 1557 3018 Embistio
1582 2980 1773 3018 Mendoza
1796 2991 1871 3017 con
1894 2980 1953 3016 las

316 3045 454 3089 quatro
472 3041 650 3087 Galeras,
668 3042 780 3076 entro
797 3051 847 3075 en
864 3040 901 3075 la
918 3039 1121 3087 Capitana,
1140 3041 1237 3076 echo
1255 3052 1304 3076 en
1322 3052 1404 3077 mar
1423 3043 1459 3077 el
1484 3040 1732 3088 Estandarte,
1755 3052 1782 3088 y
1799 3040 1951 3076 llevose

316 3101 355 3136 al
373 3101 517 3136 Patrdn
535 3100 707 3136 Antonio
725 3098 887 3146 Miguel,
904 3110 930 3145 y
948 3100 970 3133 a
986 3103 1092 3135 otros
1110 3098 1295 3149 Oficiales
1307 3099 1356 3136 de
1373 3101 1410 3141 la
1426 3100 1585 3148 Galera,
1603 3102 1625 3136 a
1639 3101 1676 3136 Ia
1689 3110 1801 3146 suya.
1819 3097 1949 3134 Sinti&
