<?xml version="1.0" encoding="UTF-8"?>
<!DOCTYPE html PUBLIC "-//W3C//DTD XHTML 1.0 Transitional//EN"
    "http://www.w3.org/TR/xhtml1/DTD/xhtml1-transitional.dtd">
<html xmlns="http://www.w3.org/1999/xhtml" xml:lang="en" lang="en">
 <head>
  <title>
</title>
<meta http-equiv="Content-Type" content="text/html;charset=utf-8" />
  <meta name='ocr-system' content='tesseract 3.04.00' />
  <meta name='ocr-capabilities' content='ocr_page ocr_carea ocr_par ocr_line ocrx_word'/>
</head>
<body>
  <div class='ocr_page' id='page_1' title='image "./epistolaephieron02nadauoft_0064.png"; bbox 0 0 2196 3522; ppageno 0'>
   <div class='ocr_carea' id='block_1_1' title="bbox 314 280 1386 326">
    <p class='ocr_par' dir='ltr' id='par_1_1' title="bbox 314 280 1386 326">
     <span class='ocr_line' id='line_1_1' title="bbox 314 280 1386 326; baseline -0.003 0"><span class='ocrx_word' id='word_1_1' title='bbox 314 288 362 326; x_wconf 83' lang='lat'>38</span> <span class='ocrx_word' id='word_1_2' title='bbox 879 289 923 323; x_wconf 89' lang='lat' dir='ltr'>P.</span> <span class='ocrx_word' id='word_1_3' title='bbox 952 288 1140 324; x_wconf 75' lang='lat' dir='ltr'>NATALts</span> <span class='ocrx_word' id='word_1_4' title='bbox 1165 280 1386 324; x_wconf 76' lang='lat' dir='ltr'>EPHEMER,</span> 
     </span>
    </p>
   </div>
   <div class='ocr_carea' id='block_1_2' title="bbox 263 389 1952 523">
    <p class='ocr_par' dir='ltr' id='par_1_2' title="bbox 263 389 1952 523">
     <span class='ocr_line' id='line_1_2' title="bbox 263 389 1952 448; baseline -0.001 -13"><span class='ocrx_word' id='word_1_5' title='bbox 263 425 265 427; x_wconf 85' lang='lat'>-</span> <span class='ocrx_word' id='word_1_6' title='bbox 314 393 395 437; x_wconf 89' lang='lat' dir='ltr'>sed</span> <span class='ocrx_word' id='word_1_7' title='bbox 416 391 528 434; x_wconf 89' lang='lat' dir='ltr'><strong>nihil</strong></span> <span class='ocrx_word' id='word_1_8' title='bbox 549 391 695 435; x_wconf 83' lang='lat' dir='ltr'>solidi:</span> <span class='ocrx_word' id='word_1_9' title='bbox 722 404 881 447; x_wconf 86' lang='lat' dir='ltr'>parum</span> <span class='ocrx_word' id='word_1_10' title='bbox 902 390 1010 435; x_wconf 92' lang='lat' dir='ltr'>inde</span> <span class='ocrx_word' id='word_1_11' title='bbox 1031 389 1270 435; x_wconf 80' lang='lat' dir='ltr'><strong>retulimus</strong></span> <span class='ocrx_word' id='word_1_12' title='bbox 1291 389 1403 446; x_wconf 88' lang='lat' dir='ltr'>spei.</span> <span class='ocrx_word' id='word_1_13' title='bbox 1424 389 1659 446; x_wconf 90' lang='lat' dir='ltr'>Redijmus</span> <span class='ocrx_word' id='word_1_14' title='bbox 1681 389 1952 448; x_wconf 82' lang='lat' dir='ltr'>Ferrariam,</span> 
     </span>
     <span class='ocr_line' id='line_1_3' title="bbox 313 466 1703 523; baseline -0.001 -12"><span class='ocrx_word' id='word_1_15' title='bbox 313 470 448 521; x_wconf 90' lang='lat' dir='ltr'>vnde,</span> <span class='ocrx_word' id='word_1_16' title='bbox 474 469 610 511; x_wconf 90' lang='lat' dir='ltr'>rebus</span> <span class='ocrx_word' id='word_1_17' title='bbox 631 466 907 521; x_wconf 89' lang='lat' dir='ltr'>constitutis,</span> <span class='ocrx_word' id='word_1_18' title='bbox 932 466 1142 512; x_wconf 89' lang='lat' dir='ltr'>venimus</span> <span class='ocrx_word' id='word_1_19' title='bbox 1163 482 1245 523; x_wconf 91' lang='lat' dir='ltr'>per</span> <span class='ocrx_word' id='word_1_20' title='bbox 1267 473 1445 512; x_wconf 86' lang='lat' dir='ltr'>montes</span> <span class='ocrx_word' id='word_1_21' title='bbox 1462 467 1647 512; x_wconf 87' lang='lat' dir='ltr'>Ienuam</span> <span class='ocrx_word' id='word_1_22' title='bbox 1667 468 1703 510; x_wconf 86' lang='lat'>-¹.</span> 
     </span>
    </p>
   </div>
   <div class='ocr_carea' id='block_1_3' title="bbox 318 567 1219 650">
    <p class='ocr_par' dir='ltr' id='par_1_3' title="bbox 318 567 1219 650">
     <span class='ocr_line' id='line_1_4' title="bbox 318 567 1219 650; baseline 0.001 -21"><span class='ocrx_word' id='word_1_23' title='bbox 318 567 322 572; x_wconf 88' lang='lat'>.</span> <span class='ocrx_word' id='word_1_24' title='bbox 379 587 534 646; x_wconf 65' lang='lat'>5917</span> <span class='ocrx_word' id='word_1_25' title='bbox 562 647 563 650; x_wconf 7' lang='grc' dir='ltr'><strong>Ἰ</strong></span> <span class='ocrx_word' id='word_1_26' title='bbox 722 631 724 634; x_wconf 76' lang='grc'><strong>,</strong></span> <span class='ocrx_word' id='word_1_27' title='bbox 766 584 769 589; x_wconf 81' lang='grc'><strong>’</strong></span> <span class='ocrx_word' id='word_1_28' title='bbox 1035 587 1219 631; x_wconf 82' lang='lat' dir='ltr'>IENUAE</span> 
     </span>
    </p>
   </div>
   <div class='ocr_carea' id='block_1_4' title="bbox 308 698 1954 1680">
    <p class='ocr_par' dir='ltr' id='par_1_4' title="bbox 310 698 1954 1283">
     <span class='ocr_line' id='line_1_5' title="bbox 358 698 1948 756; baseline 0.001 -14"><span class='ocrx_word' id='word_1_29' title='bbox 358 722 361 726; x_wconf 25' lang='grc' dir='ltr'><strong><em>Δ</em></strong></span> <span class='ocrx_word' id='word_1_30' title='bbox 399 699 466 742; x_wconf 91' lang='lat' dir='ltr'>Ibi</span> <span class='ocrx_word' id='word_1_31' title='bbox 502 705 599 743; x_wconf 89' lang='lat' dir='ltr'>erat</span> <span class='ocrx_word' id='word_1_32' title='bbox 635 699 725 742; x_wconf 90' lang='lat' dir='ltr'>iam</span> <span class='ocrx_word' id='word_1_33' title='bbox 762 700 964 744; x_wconf 87' lang='lat' dir='ltr'>Loartes.</span> <span class='ocrx_word' id='word_1_34' title='bbox 986 698 1213 743; x_wconf 88' lang='lat' dir='ltr'>·Visitaui.</span> <span class='ocrx_word' id='word_1_35' title='bbox 1248 698 1449 756; x_wconf 86' lang='lat' dir='ltr'>Egimus</span> <span class='ocrx_word' id='word_1_36' title='bbox 1470 700 1528 744; x_wconf 93' lang='lat' dir='ltr'>de</span> <span class='ocrx_word' id='word_1_37' title='bbox 1562 700 1700 743; x_wconf 93' lang='lat' dir='ltr'>domo</span> <span class='ocrx_word' id='word_1_38' title='bbox 1728 713 1948 756; x_wconf 81' lang='lat' dir='ltr'>quorum-</span> 
     </span>
     <span class='ocr_line' id='line_1_6' title="bbox 312 775 1954 834; baseline 0.001 -15"><span class='ocrx_word' id='word_1_39' title='bbox 312 778 415 819; x_wconf 86' lang='lat' dir='ltr'>dam</span> <span class='ocrx_word' id='word_1_40' title='bbox 433 777 816 833; x_wconf 86' lang='lat' dir='ltr'>presbyterorum‚</span> <span class='ocrx_word' id='word_1_41' title='bbox 842 790 958 832; x_wconf 88' lang='lat' dir='ltr'>quae</span> <span class='ocrx_word' id='word_1_42' title='bbox 976 776 1185 820; x_wconf 90' lang='lat' dir='ltr'>condicio</span> <span class='ocrx_word' id='word_1_43' title='bbox 1210 775 1319 819; x_wconf 91' lang='lat' dir='ltr'>mihi</span> <span class='ocrx_word' id='word_1_44' title='bbox 1341 791 1434 820; x_wconf 92' lang='lat' dir='ltr'>non</span> <span class='ocrx_word' id='word_1_45' title='bbox 1456 776 1642 833; x_wconf 87' lang='lat' dir='ltr'>placuit.</span> <span class='ocrx_word' id='word_1_46' title='bbox 1674 776 1866 834; x_wconf 90' lang='lat' dir='ltr'>Egimus</span> <span class='ocrx_word' id='word_1_47' title='bbox 1880 778 1954 822; x_wconf 76' lang='lat' dir='ltr'>:de</span> 
     </span>
     <span class='ocr_line' id='line_1_7' title="bbox 312 852 1951 910; baseline -0.001 -11"><span class='ocrx_word' id='word_1_48' title='bbox 312 853 396 899; x_wconf 91' lang='lat' dir='ltr'>Sti.</span> <span class='ocrx_word' id='word_1_49' title='bbox 423 852 547 909; x_wconf 90' lang='lat' dir='ltr'>Syri:</span> <span class='ocrx_word' id='word_1_50' title='bbox 574 860 671 898; x_wconf 88' lang='lat' dir='ltr'>erat</span> <span class='ocrx_word' id='word_1_51' title='bbox 693 868 766 898; x_wconf 91' lang='lat' dir='ltr'>res</span> <span class='ocrx_word' id='word_1_52' title='bbox 787 868 983 910; x_wconf 90' lang='lat' dir='ltr'>magnae</span> <span class='ocrx_word' id='word_1_53' title='bbox 1010 852 1274 896; x_wconf 76' lang='lat' dir='ltr'>dificultatis</span> <span class='ocrx_word' id='word_1_54' title='bbox 1303 860 1348 898; x_wconf 88' lang='lat' dir='ltr'>et</span> <span class='ocrx_word' id='word_1_55' title='bbox 1376 853 1704 910; x_wconf 85' lang='lat' dir='ltr'>occupationis,</span> <span class='ocrx_word' id='word_1_56' title='bbox 1730 860 1777 897; x_wconf 94' lang='lat' dir='ltr'>et</span> <span class='ocrx_word' id='word_1_57' title='bbox 1799 860 1951 898; x_wconf 88' lang='lat' dir='ltr'>tamen</span> 
     </span>
     <span class='ocr_line' id='line_1_8' title="bbox 311 929 1952 987; baseline 0.001 -14"><span class='ocrx_word' id='word_1_58' title='bbox 311 930 404 973; x_wconf 85' lang='lat' dir='ltr'>dixi</span> <span class='ocrx_word' id='word_1_59' title='bbox 426 945 510 974; x_wconf 91' lang='lat' dir='ltr'>nos</span> <span class='ocrx_word' id='word_1_60' title='bbox 531 944 664 987; x_wconf 90' lang='lat' dir='ltr'>posse</span> <span class='ocrx_word' id='word_1_61' title='bbox 685 945 841 974; x_wconf 91' lang='lat' dir='ltr'>curam</span> <span class='ocrx_word' id='word_1_62' title='bbox 864 929 1115 974; x_wconf 89' lang='lat' dir='ltr'>animarum</span> <span class='ocrx_word' id='word_1_63' title='bbox 1134 930 1340 987; x_wconf 89' lang='lat' dir='ltr'>accipere</span> <span class='ocrx_word' id='word_1_64' title='bbox 1362 944 1419 974; x_wconf 87' lang='lat' dir='ltr'>ex</span> <span class='ocrx_word' id='word_1_65' title='bbox 1435 937 1591 974; x_wconf 90' lang='lat' dir='ltr'>nostro</span> <span class='ocrx_word' id='word_1_66' title='bbox 1607 930 1833 984; x_wconf 85' lang='lat' dir='ltr'>instituto,</span> <span class='ocrx_word' id='word_1_67' title='bbox 1858 945 1952 975; x_wconf 91' lang='lat' dir='ltr'>non</span> 
     </span>
     <span class='ocr_line' id='line_1_9' title="bbox 311 1006 1948 1064; baseline 0.001 -13"><span class='ocrx_word' id='word_1_68' title='bbox 311 1014 361 1051; x_wconf 91' lang='lat' dir='ltr'>vt</span> <span class='ocrx_word' id='word_1_69' title='bbox 383 1007 570 1064; x_wconf 86' lang='lat' dir='ltr'>parochi</span> <span class='ocrx_word' id='word_1_70' title='bbox 590 1008 777 1052; x_wconf 88' lang='lat' dir='ltr'>habent.</span> <span class='ocrx_word' id='word_1_71' title='bbox 804 1007 891 1064; x_wconf 92' lang='lat' dir='ltr'>Egi</span> <span class='ocrx_word' id='word_1_72' title='bbox 913 1008 971 1052; x_wconf 91' lang='lat' dir='ltr'>de</span> <span class='ocrx_word' id='word_1_73' title='bbox 997 1006 1204 1052; x_wconf 90' lang='lat' dir='ltr'>aedificio</span> <span class='ocrx_word' id='word_1_74' title='bbox 1226 1014 1272 1051; x_wconf 92' lang='lat' dir='ltr'>et</span> <span class='ocrx_word' id='word_1_75' title='bbox 1303 1021 1437 1063; x_wconf 91' lang='lat' dir='ltr'>opere</span> <span class='ocrx_word' id='word_1_76' title='bbox 1465 1008 1709 1052; x_wconf 89' lang='lat' dir='ltr'>Saulorum</span> <span class='ocrx_word' id='word_1_77' title='bbox 1736 1007 1785 1051; x_wconf 91' lang='lat' dir='ltr'>in</span> <span class='ocrx_word' id='word_1_78' title='bbox 1813 1008 1948 1060; x_wconf 84' lang='lat' dir='ltr'>colle,</span> 
     </span>
     <span class='ocr_line' id='line_1_10' title="bbox 311 1083 1946 1141; baseline -0.001 -13"><span class='ocrx_word' id='word_1_79' title='bbox 311 1099 429 1141; x_wconf 92' lang='lat' dir='ltr'>quae</span> <span class='ocrx_word' id='word_1_80' title='bbox 451 1099 608 1129; x_wconf 90' lang='lat' dir='ltr'>rursus</span> <span class='ocrx_word' id='word_1_81' title='bbox 630 1092 727 1128; x_wconf 90' lang='lat' dir='ltr'>erat</span> <span class='ocrx_word' id='word_1_82' title='bbox 748 1084 863 1128; x_wconf 89' lang='lat' dir='ltr'>ratio</span> <span class='ocrx_word' id='word_1_83' title='bbox 885 1083 1124 1141; x_wconf 91' lang='lat' dir='ltr'>impedita:</span> <span class='ocrx_word' id='word_1_84' title='bbox 1151 1084 1284 1127; x_wconf 91' lang='lat' dir='ltr'>simul</span> <span class='ocrx_word' id='word_1_85' title='bbox 1306 1084 1382 1141; x_wconf 89' lang='lat' dir='ltr'>egi</span> <span class='ocrx_word' id='word_1_86' title='bbox 1405 1099 1509 1127; x_wconf 91' lang='lat' dir='ltr'>cum</span> <span class='ocrx_word' id='word_1_87' title='bbox 1532 1085 1766 1141; x_wconf 89' lang='lat' dir='ltr'>Stephano</span> <span class='ocrx_word' id='word_1_88' title='bbox 1788 1085 1946 1138; x_wconf 74' lang='lat' dir='ltr'>Saulo,</span> 
     </span>
     <span class='ocr_line' id='line_1_11' title="bbox 310 1160 1946 1220; baseline 0.001 -15"><span class='ocrx_word' id='word_1_89' title='bbox 310 1162 398 1205; x_wconf 75' lang='lat'>60</span> <span class='ocrx_word' id='word_1_90' title='bbox 420 1161 498 1218; x_wconf 90' lang='lat' dir='ltr'>qui</span> <span class='ocrx_word' id='word_1_91' title='bbox 525 1162 707 1205; x_wconf 90' lang='lat' dir='ltr'>volebat</span> <span class='ocrx_word' id='word_1_92' title='bbox 737 1161 891 1207; x_wconf 88' lang='lat' dir='ltr'>nescio</span> <span class='ocrx_word' id='word_1_93' title='bbox 919 1160 1202 1220; x_wconf 88' lang='lat' dir='ltr'>[quodnam?]</span> <span class='ocrx_word' id='word_1_94' title='bbox 1226 1175 1360 1205; x_wconf 88' lang='lat' dir='ltr'>suum</span> <span class='ocrx_word' id='word_1_95' title='bbox 1389 1176 1505 1218; x_wconf 94' lang='lat' dir='ltr'>opus</span> <span class='ocrx_word' id='word_1_96' title='bbox 1531 1161 1812 1219; x_wconf 91' lang='lat' dir='ltr'>coniungere</span> <span class='ocrx_word' id='word_1_97' title='bbox 1841 1175 1946 1206; x_wconf 91' lang='lat' dir='ltr'>cum</span> 
     </span>
     <span class='ocr_line' id='line_1_12' title="bbox 310 1239 956 1283; baseline 0 -2"><span class='ocrx_word' id='word_1_98' title='bbox 310 1245 482 1282; x_wconf 91' lang='lat' dir='ltr'>nostro:</span> <span class='ocrx_word' id='word_1_99' title='bbox 508 1253 593 1283; x_wconf 92' lang='lat' dir='ltr'>nec</span> <span class='ocrx_word' id='word_1_100' title='bbox 614 1241 701 1282; x_wconf 92' lang='lat' dir='ltr'>hoc</span> <span class='ocrx_word' id='word_1_101' title='bbox 721 1239 956 1283; x_wconf 91' lang='lat' dir='ltr'>successit.</span> 
     </span>
    </p>

    <p class='ocr_par' dir='ltr' id='par_1_5' title="bbox 308 1315 1946 1680">
     <span class='ocr_line' id='line_1_13' title="bbox 399 1315 1945 1373; baseline 0.001 -14"><span class='ocrx_word' id='word_1_102' title='bbox 399 1317 603 1360; x_wconf 81' lang='lat' dir='ltr'>Tandem</span> <span class='ocrx_word' id='word_1_103' title='bbox 646 1330 885 1361; x_wconf 83' lang='lat' dir='ltr'>necessum</span> <span class='ocrx_word' id='word_1_104' title='bbox 934 1316 1019 1359; x_wconf 78' lang='lat' dir='ltr'>tuit</span> <span class='ocrx_word' id='word_1_105' title='bbox 1047 1332 1103 1361; x_wconf 84' lang='lat' dir='ltr'>ex</span> <span class='ocrx_word' id='word_1_106' title='bbox 1151 1316 1295 1360; x_wconf 89' lang='lat' dir='ltr'>solitis</span> <span class='ocrx_word' id='word_1_107' title='bbox 1343 1316 1643 1373; x_wconf 88' lang='lat' dir='ltr'>eleemosynis</span> <span class='ocrx_word' id='word_1_108' title='bbox 1687 1315 1819 1360; x_wconf 88' lang='lat' dir='ltr'>Pauli</span> <span class='ocrx_word' id='word_1_109' title='bbox 1846 1317 1945 1360; x_wconf 89' lang='lat' dir='ltr'>Do-</span> 
     </span>
     <span class='ocr_line' id='line_1_14' title="bbox 311 1392 1944 1450; baseline 0.001 -16"><span class='ocrx_word' id='word_1_110' title='bbox 311 1392 420 1445; x_wconf 87' lang='lat' dir='ltr'>riae,</span> <span class='ocrx_word' id='word_1_111' title='bbox 445 1400 553 1446; x_wconf 89' lang='lat' dir='ltr'>etc.‚</span> <span class='ocrx_word' id='word_1_112' title='bbox 577 1392 735 1436; x_wconf 90' lang='lat' dir='ltr'>viuere</span> <span class='ocrx_word' id='word_1_113' title='bbox 756 1400 802 1437; x_wconf 92' lang='lat' dir='ltr'>et</span> <span class='ocrx_word' id='word_1_114' title='bbox 824 1392 1018 1437; x_wconf 89' lang='lat' dir='ltr'>retinere</span> <span class='ocrx_word' id='word_1_115' title='bbox 1035 1393 1156 1436; x_wconf 90' lang='lat' dir='ltr'>illam</span> <span class='ocrx_word' id='word_1_116' title='bbox 1173 1395 1358 1436; x_wconf 90' lang='lat' dir='ltr'>domum</span> <span class='ocrx_word' id='word_1_117' title='bbox 1381 1408 1518 1450; x_wconf 89' lang='lat' dir='ltr'>supra</span> <span class='ocrx_word' id='word_1_118' title='bbox 1541 1394 1740 1437; x_wconf 86' lang='lat' dir='ltr'>furnum.</span> <span class='ocrx_word' id='word_1_119' title='bbox 1762 1394 1944 1437; x_wconf 84' lang='lat' dir='ltr'>Consu·</span> 
     </span>
     <span class='ocr_line' id='line_1_15' title="bbox 309 1469 1943 1526; baseline 0.001 -14"><span class='ocrx_word' id='word_1_120' title='bbox 309 1470 457 1513; x_wconf 88' lang='lat' dir='ltr'>lebam</span> <span class='ocrx_word' id='word_1_121' title='bbox 478 1469 631 1514; x_wconf 92' lang='lat' dir='ltr'>Loarti</span> <span class='ocrx_word' id='word_1_122' title='bbox 652 1477 703 1513; x_wconf 90' lang='lat' dir='ltr'>vt</span> <span class='ocrx_word' id='word_1_123' title='bbox 724 1485 783 1514; x_wconf 91' lang='lat' dir='ltr'>ne</span> <span class='ocrx_word' id='word_1_124' title='bbox 804 1469 933 1513; x_wconf 92' lang='lat' dir='ltr'>initio</span> <span class='ocrx_word' id='word_1_125' title='bbox 955 1470 1303 1515; x_wconf 82' lang='lat' dir='ltr'>concionaretur</span> <span class='ocrx_word' id='word_1_126' title='bbox 1318 1470 1365 1513; x_wconf 92' lang='lat' dir='ltr'>in</span> <span class='ocrx_word' id='word_1_127' title='bbox 1383 1485 1561 1514; x_wconf 89' lang='lat' dir='ltr'>summo</span> <span class='ocrx_word' id='word_1_128' title='bbox 1579 1471 1763 1526; x_wconf 91' lang='lat' dir='ltr'>templo,</span> <span class='ocrx_word' id='word_1_129' title='bbox 1788 1485 1846 1514; x_wconf 92' lang='lat' dir='ltr'>ne</span> <span class='ocrx_word' id='word_1_130' title='bbox 1863 1484 1943 1514; x_wconf 89' lang='lat' dir='ltr'>co-</span> 
     </span>
     <span class='ocr_line' id='line_1_16' title="bbox 309 1546 1946 1604; baseline -0.001 -14"><span class='ocrx_word' id='word_1_131' title='bbox 309 1554 494 1604; x_wconf 87' lang='lat' dir='ltr'>geretur</span> <span class='ocrx_word' id='word_1_132' title='bbox 524 1547 704 1604; x_wconf 87' lang='lat' dir='ltr'>regredi</span> <span class='ocrx_word' id='word_1_133' title='bbox 727 1548 783 1590; x_wconf 89' lang='lat' dir='ltr'>ad</span> <span class='ocrx_word' id='word_1_134' title='bbox 805 1546 1032 1591; x_wconf 85' lang='lat' dir='ltr'>inferiora:</span> <span class='ocrx_word' id='word_1_135' title='bbox 1065 1547 1233 1591; x_wconf 87' lang='lat' dir='ltr'>indulsi</span> <span class='ocrx_word' id='word_1_136' title='bbox 1261 1547 1360 1591; x_wconf 90' lang='lat' dir='ltr'>eius</span> <span class='ocrx_word' id='word_1_137' title='bbox 1382 1547 1693 1604; x_wconf 85' lang='lat' dir='ltr'>propensioni‚</span> <span class='ocrx_word' id='word_1_138' title='bbox 1719 1554 1765 1592; x_wconf 93' lang='lat' dir='ltr'>et</span> <span class='ocrx_word' id='word_1_139' title='bbox 1786 1547 1946 1592; x_wconf 91' lang='lat' dir='ltr'>euenit</span> 
     </span>
     <span class='ocr_line' id='line_1_17' title="bbox 308 1623 1376 1680; baseline 0.002 -14"><span class='ocrx_word' id='word_1_140' title='bbox 308 1623 373 1667; x_wconf 90' lang='lat' dir='ltr'>illi</span> <span class='ocrx_word' id='word_1_141' title='bbox 394 1625 516 1680; x_wconf 90' lang='lat' dir='ltr'>quod</span> <span class='ocrx_word' id='word_1_142' title='bbox 538 1624 753 1668; x_wconf 87' lang='lat' dir='ltr'>dixeram.</span> <span class='ocrx_word' id='word_1_143' title='bbox 780 1625 889 1668; x_wconf 91' lang='lat' dir='ltr'>Inde</span> <span class='ocrx_word' id='word_1_144' title='bbox 917 1624 1023 1670; x_wconf 89' lang='lat' dir='ltr'>veni</span> <span class='ocrx_word' id='word_1_145' title='bbox 1044 1624 1320 1669; x_wconf 86' lang='lat' dir='ltr'>Florentiam</span> <span class='ocrx_word' id='word_1_146' title='bbox 1343 1626 1376 1668; x_wconf 82' lang='lat'>².</span> 
     </span>
    </p>
   </div>
   <div class='ocr_carea' id='block_1_5' title="bbox 399 1744 1280 1788">
    <p class='ocr_par' dir='ltr' id='par_1_6' title="bbox 399 1744 1280 1788">
     <span class='ocr_line' id='line_1_18' title="bbox 399 1744 1280 1788; baseline 0.002 -2"><span class='ocrx_word' id='word_1_147' title='bbox 399 1744 469 1786; x_wconf 75' lang='lat'>61</span> <span class='ocrx_word' id='word_1_148' title='bbox 693 1761 696 1765; x_wconf 54' lang='grc'>’</span> <span class='ocrx_word' id='word_1_149' title='bbox 965 1745 1000 1787; x_wconf 93' lang='lat' dir='ltr'><strong>F</strong></span> <span class='ocrx_word' id='word_1_150' title='bbox 1004 1758 1280 1788; x_wconf 85' lang='lat' dir='ltr'>LORENTIAE</span> 
     </span>
    </p>
   </div>
   <div class='ocr_carea' id='block_1_6' title="bbox 304 1856 1941 2132">
    <p class='ocr_par' dir='ltr' id='par_1_7' title="bbox 304 1856 1941 2132">
     <span class='ocr_line' id='line_1_19' title="bbox 396 1856 1936 1914; baseline 0.001 -14"><span class='ocrx_word' id='word_1_151' title='bbox 396 1856 462 1900; x_wconf 92' lang='lat' dir='ltr'>Ibi</span> <span class='ocrx_word' id='word_1_152' title='bbox 490 1864 587 1902; x_wconf 88' lang='lat' dir='ltr'>erat</span> <span class='ocrx_word' id='word_1_153' title='bbox 614 1857 672 1900; x_wconf 90' lang='lat' dir='ltr'>D.</span> <span class='ocrx_word' id='word_1_154' title='bbox 704 1856 897 1913; x_wconf 77' lang='lat' dir='ltr'>Diegus,</span> <span class='ocrx_word' id='word_1_155' title='bbox 930 1864 1089 1913; x_wconf 89' lang='lat' dir='ltr'>gratus</span> <span class='ocrx_word' id='word_1_156' title='bbox 1117 1857 1373 1911; x_wconf 86' lang='lat' dir='ltr'>duchissae,</span> <span class='ocrx_word' id='word_1_157' title='bbox 1399 1857 1477 1914; x_wconf 92' lang='lat' dir='ltr'>qui</span> <span class='ocrx_word' id='word_1_158' title='bbox 1506 1864 1602 1902; x_wconf 90' lang='lat' dir='ltr'>erat</span> <span class='ocrx_word' id='word_1_159' title='bbox 1630 1857 1671 1902; x_wconf 91' lang='lat' dir='ltr'>ei</span> <span class='ocrx_word' id='word_1_160' title='bbox 1703 1863 1936 1914; x_wconf 88' lang='lat' dir='ltr'>acceptus.</span> 
     </span>
     <span class='ocr_line' id='line_1_20' title="bbox 307 1933 1930 1991; baseline 0.001 -14"><span class='ocrx_word' id='word_1_161' title='bbox 307 1934 444 1977; x_wconf 90' lang='lat' dir='ltr'>Nulla</span> <span class='ocrx_word' id='word_1_162' title='bbox 465 1933 539 1977; x_wconf 89' lang='lat' dir='ltr'>hic</span> <span class='ocrx_word' id='word_1_163' title='bbox 560 1941 657 1977; x_wconf 91' lang='lat' dir='ltr'>erat</span> <span class='ocrx_word' id='word_1_164' title='bbox 680 1941 789 1978; x_wconf 87' lang='lat' dir='ltr'>tune</span> <span class='ocrx_word' id='word_1_165' title='bbox 817 1949 920 1990; x_wconf 88' lang='lat' dir='ltr'>spes</span> <span class='ocrx_word' id='word_1_166' title='bbox 944 1933 1163 1977; x_wconf 83' lang='lat' dir='ltr'>fundandi</span> <span class='ocrx_word' id='word_1_167' title='bbox 1185 1934 1383 1991; x_wconf 91' lang='lat' dir='ltr'>collegij:</span> <span class='ocrx_word' id='word_1_168' title='bbox 1411 1941 1587 1978; x_wconf 88' lang='lat' dir='ltr'>tantum</span> <span class='ocrx_word' id='word_1_169' title='bbox 1611 1935 1749 1978; x_wconf 86' lang='lat' dir='ltr'>dabat</span> <span class='ocrx_word' id='word_1_170' title='bbox 1772 1946 1858 1978; x_wconf 89' lang='lat'>200</span> <span class='ocrx_word' id='word_1_171' title='bbox 1886 1944 1930 1980; x_wconf 87' lang='grc' dir='ltr'>Δ</span> 
     </span>
     <span class='ocr_line' id='line_1_21' title="bbox 306 2010 1941 2068; baseline 0.001 -15"><span class='ocrx_word' id='word_1_172' title='bbox 306 2010 534 2054; x_wconf 87' lang='lat' dir='ltr'>duchissa.</span> <span class='ocrx_word' id='word_1_173' title='bbox 562 2010 773 2063; x_wconf 85' lang='lat' dir='ltr'>Visitaui,</span> <span class='ocrx_word' id='word_1_174' title='bbox 799 2018 886 2053; x_wconf 91' lang='lat' dir='ltr'>etc.</span> <span class='ocrx_word' id='word_1_175' title='bbox 914 2010 1103 2067; x_wconf 88' lang='lat' dir='ltr'>Egimus</span> <span class='ocrx_word' id='word_1_176' title='bbox 1125 2011 1182 2056; x_wconf 92' lang='lat' dir='ltr'>de</span> <span class='ocrx_word' id='word_1_177' title='bbox 1219 2011 1427 2055; x_wconf 90' lang='lat' dir='ltr'>aedificio</span> <span class='ocrx_word' id='word_1_178' title='bbox 1450 2026 1521 2064; x_wconf 83' lang='lat' dir='ltr'>eo,</span> <span class='ocrx_word' id='word_1_179' title='bbox 1547 2011 1670 2067; x_wconf 86' lang='lat' dir='ltr'>quod</span> <span class='ocrx_word' id='word_1_180' title='bbox 1685 2018 1846 2068; x_wconf 85' lang='lat' dir='ltr'>postea</span> <span class='ocrx_word' id='word_1_181' title='bbox 1870 2011 1941 2054; x_wconf 85' lang='lat' dir='ltr'>fa-</span> 
     </span>
     <span class='ocr_line' id='line_1_22' title="bbox 304 2088 901 2132; baseline 0 -2"><span class='ocrx_word' id='word_1_182' title='bbox 304 2093 432 2130; x_wconf 88' lang='lat' dir='ltr'>ctum</span> <span class='ocrx_word' id='word_1_183' title='bbox 453 2094 538 2131; x_wconf 91' lang='lat' dir='ltr'>est.</span> <span class='ocrx_word' id='word_1_184' title='bbox 564 2088 674 2132; x_wconf 89' lang='lat' dir='ltr'>Inde</span> <span class='ocrx_word' id='word_1_185' title='bbox 695 2089 901 2131; x_wconf 91' lang='lat' dir='ltr'>Romam.</span> 
     </span>
    </p>
   </div>
   <div class='ocr_carea' id='block_1_7' title="bbox 395 2198 1621 2251">
    <p class='ocr_par' dir='ltr' id='par_1_8' title="bbox 395 2198 1621 2251">
     <span class='ocr_line' id='line_1_23' title="bbox 395 2198 1621 2251; baseline 0.001 -2"><span class='ocrx_word' id='word_1_186' title='bbox 395 2207 475 2249; x_wconf 68' lang='lat'>62</span> <span class='ocrx_word' id='word_1_187' title='bbox 632 2208 806 2251; x_wconf 83' lang='lat' dir='ltr'><strong>ROMAE</strong></span> <span class='ocrx_word' id='word_1_188' title='bbox 830 2221 891 2250; x_wconf 82' lang='lat' dir='ltr'>Ex</span> <span class='ocrx_word' id='word_1_189' title='bbox 915 2220 1145 2251; x_wconf 76' lang='lat' dir='ltr'>MlsSIONE</span> <span class='ocrx_word' id='word_1_190' title='bbox 1167 2221 1316 2251; x_wconf 80' lang='lat' dir='ltr'><strong>PRIMA</strong></span> <span class='ocrx_word' id='word_1_191' title='bbox 1338 2198 1621 2250; x_wconf 76' lang='lat' dir='ltr'><strong>GERMANICA</strong></span> 
     </span>
    </p>
   </div>
   <div class='ocr_carea' id='block_1_8' title="bbox 299 2318 1941 2837">
    <p class='ocr_par' dir='ltr' id='par_1_9' title="bbox 299 2318 1941 2837">
     <span class='ocr_line' id='line_1_24' title="bbox 394 2318 1938 2376; baseline -0.001 -13"><span class='ocrx_word' id='word_1_192' title='bbox 394 2318 484 2363; x_wconf 88' lang='lat' dir='ltr'>Hic</span> <span class='ocrx_word' id='word_1_193' title='bbox 505 2318 617 2362; x_wconf 90' lang='lat' dir='ltr'>nihil</span> <span class='ocrx_word' id='word_1_194' title='bbox 639 2319 715 2376; x_wconf 86' lang='lat' dir='ltr'>egi</span> <span class='ocrx_word' id='word_1_195' title='bbox 737 2335 793 2364; x_wconf 87' lang='lat' dir='ltr'>ex</span> <span class='ocrx_word' id='word_1_196' title='bbox 809 2319 973 2374; x_wconf 82' lang='lat' dir='ltr'>offici03</span> <span class='ocrx_word' id='word_1_197' title='bbox 994 2320 1075 2364; x_wconf 91' lang='lat' dir='ltr'>sed</span> <span class='ocrx_word' id='word_1_198' title='bbox 1091 2318 1293 2363; x_wconf 88' lang='lat' dir='ltr'>intellexi</span> <span class='ocrx_word' id='word_1_199' title='bbox 1302 2319 1451 2376; x_wconf 68' lang='lat' dir='ltr'>¹fuisse</span> <span class='ocrx_word' id='word_1_200' title='bbox 1473 2318 1704 2375; x_wconf 90' lang='lat' dir='ltr'>ingratum</span> <span class='ocrx_word' id='word_1_201' title='bbox 1724 2320 1775 2362; x_wconf 92' lang='lat' dir='ltr'>P.</span> <span class='ocrx_word' id='word_1_202' title='bbox 1798 2319 1938 2375; x_wconf 88' lang='lat' dir='ltr'>Igna-</span> 
     </span>
     <span class='ocr_line' id='line_1_25' title="bbox 303 2394 1935 2452; baseline 0 -14"><span class='ocrx_word' id='word_1_203' title='bbox 303 2395 385 2450; x_wconf 86' lang='lat' dir='ltr'>tio,·</span> <span class='ocrx_word' id='word_1_204' title='bbox 425 2394 547 2452; x_wconf 74' lang='lat' dir='ltr'>qued</span> <span class='ocrx_word' id='word_1_205' title='bbox 568 2411 660 2439; x_wconf 93' lang='lat' dir='ltr'>non</span> <span class='ocrx_word' id='word_1_206' title='bbox 681 2411 754 2441; x_wconf 89' lang='lat' dir='ltr'>me</span> <span class='ocrx_word' id='word_1_207' title='bbox 774 2396 838 2440; x_wconf 92' lang='lat' dir='ltr'>ita</span> <span class='ocrx_word' id='word_1_208' title='bbox 865 2395 1108 2452; x_wconf 89' lang='lat' dir='ltr'>gessissem</span> <span class='ocrx_word' id='word_1_209' title='bbox 1137 2410 1242 2439; x_wconf 93' lang='lat' dir='ltr'>cum</span> <span class='ocrx_word' id='word_1_210' title='bbox 1266 2398 1318 2439; x_wconf 89' lang='lat' dir='ltr'>P.</span> <span class='ocrx_word' id='word_1_211' title='bbox 1345 2397 1517 2452; x_wconf 81' lang='lat' dir='ltr'>Layne,</span> <span class='ocrx_word' id='word_1_212' title='bbox 1541 2402 1591 2438; x_wconf 88' lang='lat' dir='ltr'>vt</span> <span class='ocrx_word' id='word_1_213' title='bbox 1624 2395 1720 2452; x_wconf 91' lang='lat' dir='ltr'>ipse</span> <span class='ocrx_word' id='word_1_214' title='bbox 1753 2409 1935 2451; x_wconf 85' lang='lat' dir='ltr'>speras-</span> 
     </span>
     <span class='ocr_line' id='line_1_26' title="bbox 303 2472 1936 2530; baseline -0.001 -14"><span class='ocrx_word' id='word_1_215' title='bbox 303 2480 388 2517; x_wconf 89' lang='lat' dir='ltr'>set.</span> <span class='ocrx_word' id='word_1_216' title='bbox 415 2474 676 2529; x_wconf 84' lang='lat' dir='ltr'>Antequam</span> <span class='ocrx_word' id='word_1_217' title='bbox 705 2474 998 2518; x_wconf 89' lang='lat' dir='ltr'>ascenderem</span> <span class='ocrx_word' id='word_1_218' title='bbox 1024 2474 1081 2517; x_wconf 92' lang='lat' dir='ltr'>ad</span> <span class='ocrx_word' id='word_1_219' title='bbox 1104 2475 1157 2517; x_wconf 90' lang='lat' dir='ltr'>P.</span> <span class='ocrx_word' id='word_1_220' title='bbox 1182 2473 1425 2530; x_wconf 88' lang='lat' dir='ltr'>Ignatium,</span> <span class='ocrx_word' id='word_1_221' title='bbox 1456 2479 1682 2517; x_wconf 87' lang='lat' dir='ltr'>venerunt</span> <span class='ocrx_word' id='word_1_222' title='bbox 1709 2472 1819 2515; x_wconf 91' lang='lat' dir='ltr'>mihi</span> <span class='ocrx_word' id='word_1_223' title='bbox 1851 2473 1936 2515; x_wconf 93' lang='lat' dir='ltr'>ob—</span> 
     </span>
     <span class='ocr_line' id='line_1_27' title="bbox 304 2549 1935 2607; baseline -0.001 -15"><span class='ocrx_word' id='word_1_224' title='bbox 304 2549 424 2593; x_wconf 85' lang='lat' dir='ltr'>uiam</span> <span class='ocrx_word' id='word_1_225' title='bbox 448 2553 500 2594; x_wconf 87' lang='lat' dir='ltr'>P.</span> <span class='ocrx_word' id='word_1_226' title='bbox 527 2551 706 2607; x_wconf 85' lang='lat' dir='ltr'>Laynes</span> <span class='ocrx_word' id='word_1_227' title='bbox 729 2557 774 2596; x_wconf 91' lang='lat' dir='ltr'>et</span> <span class='ocrx_word' id='word_1_228' title='bbox 795 2551 1030 2595; x_wconf 88' lang='lat' dir='ltr'>Salmeron</span> <span class='ocrx_word' id='word_1_229' title='bbox 1047 2550 1309 2595; x_wconf 88' lang='lat' dir='ltr'>nuntiantes</span> <span class='ocrx_word' id='word_1_230' title='bbox 1325 2565 1399 2595; x_wconf 92' lang='lat' dir='ltr'>me</span> <span class='ocrx_word' id='word_1_231' title='bbox 1415 2549 1568 2593; x_wconf 89' lang='lat' dir='ltr'>statim</span> <span class='ocrx_word' id='word_1_232' title='bbox 1586 2551 1643 2593; x_wconf 88' lang='lat' dir='ltr'>ad</span> <span class='ocrx_word' id='word_1_233' title='bbox 1665 2549 1935 2606; x_wconf 86' lang='lat' dir='ltr'>Hispaniam</span> 
     </span>
     <span class='ocr_line' id='line_1_28' title="bbox 299 2613 1934 2687; baseline -0.001 -17"><span class='ocrx_word' id='word_1_234' title='bbox 299 2624 618 2687; x_wconf 76' lang='lat' dir='ltr'>[mittendun1],</span> <span class='ocrx_word' id='word_1_235' title='bbox 645 2628 767 2683; x_wconf 93' lang='lat' dir='ltr'>quod</span> <span class='ocrx_word' id='word_1_236' title='bbox 781 2626 1018 2683; x_wconf 86' lang='lat' dir='ltr'>displicuit</span> <span class='ocrx_word' id='word_1_237' title='bbox 1040 2629 1092 2670; x_wconf 90' lang='lat' dir='ltr'>P.</span> <span class='ocrx_word' id='word_1_238' title='bbox 1119 2613 1313 2684; x_wconf 86' lang='lat' dir='ltr'>Ignatio,</span> <span class='ocrx_word' id='word_1_239' title='bbox 1338 2635 1388 2670; x_wconf 94' lang='lat' dir='ltr'>vt</span> <span class='ocrx_word' id='word_1_240' title='bbox 1410 2627 1534 2683; x_wconf 90' lang='lat' dir='ltr'>prius</span> <span class='ocrx_word' id='word_1_241' title='bbox 1556 2641 1613 2670; x_wconf 90' lang='lat' dir='ltr'>ex</span> <span class='ocrx_word' id='word_1_242' title='bbox 1629 2626 1716 2670; x_wconf 91' lang='lat' dir='ltr'>illis</span> <span class='ocrx_word' id='word_1_243' title='bbox 1738 2641 1828 2684; x_wconf 90' lang='lat' dir='ltr'>ego</span> <span class='ocrx_word' id='word_1_244' title='bbox 1849 2639 1934 2669; x_wconf 89' lang='lat' dir='ltr'>au-·</span> 
     </span>
     <span class='ocr_line' id='line_1_29' title="bbox 299 2702 1910 2761; baseline -0.001 -14"><span class='ocrx_word' id='word_1_245' title='bbox 299 2703 444 2748; x_wconf 86' lang='lat' dir='ltr'>direm</span> <span class='ocrx_word' id='word_1_246' title='bbox 467 2705 524 2748; x_wconf 89' lang='lat' dir='ltr'>de</span> <span class='ocrx_word' id='word_1_247' title='bbox 539 2703 615 2747; x_wconf 89' lang='lat' dir='ltr'>illa</span> <span class='ocrx_word' id='word_1_248' title='bbox 626 2703 859 2748; x_wconf 89' lang='lat' dir='ltr'>missione.</span> <span class='ocrx_word' id='word_1_249' title='bbox 880 2705 973 2748; x_wconf 85' lang='lat' dir='ltr'>Iam</span> <span class='ocrx_word' id='word_1_250' title='bbox 989 2711 1177 2748; x_wconf 88' lang='lat' dir='ltr'>venerat</span> <span class='ocrx_word' id='word_1_251' title='bbox 1192 2705 1251 2747; x_wconf 89' lang='lat' dir='ltr'>D.</span> <span class='ocrx_word' id='word_1_252' title='bbox 1278 2703 1528 2748; x_wconf 93' lang='lat' dir='ltr'>Madridius</span> <span class='ocrx_word' id='word_1_253' title='bbox 1545 2704 1745 2747; x_wconf 93' lang='lat' dir='ltr'>domum.</span> <span class='ocrx_word' id='word_1_254' title='bbox 1766 2705 1876 2747; x_wconf 87' lang='lat' dir='ltr'>Erat</span> <span class='ocrx_word' id='word_1_255' title='bbox 1903 2702 1910 2761; x_wconf 85' lang='grc' dir='ltr'>Ι</span> 
     </span>
     <span class='ocr_line' id='line_1_30' title="bbox 300 2776 1941 2837; baseline 0.001 -14"><span class='ocrx_word' id='word_1_256' title='bbox 300 2781 451 2824; x_wconf 92' lang='lat' dir='ltr'>adhuc</span> <span class='ocrx_word' id='word_1_257' title='bbox 473 2781 618 2825; x_wconf 65' lang='lat' dir='ltr'>Smer</span> <span class='ocrx_word' id='word_1_258' title='bbox 638 2783 807 2824; x_wconf 83' lang='lat' dir='ltr'>Doctor</span> <span class='ocrx_word' id='word_1_259' title='bbox 835 2782 865 2834; x_wconf 71' lang='lat'>³,</span> <span class='ocrx_word' id='word_1_260' title='bbox 887 2776 1083 2825; x_wconf 89' lang='lat' dir='ltr'>habebat</span> <span class='ocrx_word' id='word_1_261' title='bbox 1111 2796 1265 2825; x_wconf 92' lang='lat' dir='ltr'>curam</span> <span class='ocrx_word' id='word_1_262' title='bbox 1287 2781 1562 2826; x_wconf 87' lang='lat' dir='ltr'>valetudinis</span> <span class='ocrx_word' id='word_1_263' title='bbox 1587 2783 1639 2824; x_wconf 92' lang='lat' dir='ltr'>P.</span> <span class='ocrx_word' id='word_1_264' title='bbox 1672 2780 1854 2837; x_wconf 89' lang='lat' dir='ltr'>Ignatij:</span> <span class='ocrx_word' id='word_1_265' title='bbox 1881 2781 1941 2824; x_wconf 91' lang='lat' dir='ltr'>de</span> 
     </span>
    </p>
   </div>
   <div class='ocr_carea' id='block_1_9' title="bbox 302 2874 567 2881">
    <p class='ocr_par' dir='ltr' id='par_1_10' title="bbox 302 2874 567 2881">
     <span class='ocr_line' id='line_1_31' title="bbox 302 2874 567 2881; baseline 0 0"><span class='ocrx_word' id='word_1_266' title='bbox 302 2874 567 2881; x_wconf 95' lang='lat' dir='ltr'> </span> 
     </span>
    </p>
   </div>
   <div class='ocr_carea' id='block_1_10' title="bbox 296 2922 1935 3147">
    <p class='ocr_par' dir='ltr' id='par_1_11' title="bbox 374 2922 1118 2969">
     <span class='ocr_line' id='line_1_32' title="bbox 374 2922 1118 2969; baseline 0.001 -11"><span class='ocrx_word' id='word_1_267' title='bbox 374 2925 384 2944; x_wconf 81' lang='lat'><strong>¹</strong></span> <span class='ocrx_word' id='word_1_268' title='bbox 437 2923 613 2958; x_wconf 88' lang='lat' dir='ltr'>Vacuum</span> <span class='ocrx_word' id='word_1_269' title='bbox 631 2923 812 2959; x_wconf 88' lang='lat' dir='ltr'>relictum</span> <span class='ocrx_word' id='word_1_270' title='bbox 829 2922 904 2959; x_wconf 82' lang='lat' dir='ltr'>fuit</span> <span class='ocrx_word' id='word_1_271' title='bbox 921 2923 973 2958; x_wconf 88' lang='lat' dir='ltr'>fol</span> <span class='ocrx_word' id='word_1_272' title='bbox 985 2952 992 2959; x_wconf 90' lang='lat'><strong>.</strong></span> <span class='ocrx_word' id='word_1_273' title='bbox 1019 2932 1064 2969; x_wconf 88' lang='lat'>59</span> <span class='ocrx_word' id='word_1_274' title='bbox 1082 2936 1118 2959; x_wconf 92' lang='lat' dir='ltr'>r.</span> 
     </span>
    </p>

    <p class='ocr_par' dir='ltr' id='par_1_12' title="bbox 296 2982 1935 3147">
     <span class='ocr_line' id='line_1_33' title="bbox 368 2982 1709 3030; baseline 0.001 -12"><span class='ocrx_word' id='word_1_275' title='bbox 368 2984 382 3004; x_wconf 69' lang='lat'><strong>2</strong></span> <span class='ocrx_word' id='word_1_276' title='bbox 433 2982 498 3018; x_wconf 93' lang='lat' dir='ltr'>Nil</span> <span class='ocrx_word' id='word_1_277' title='bbox 518 2983 557 3018; x_wconf 89' lang='lat' dir='ltr'>in</span> <span class='ocrx_word' id='word_1_278' title='bbox 576 2982 623 3018; x_wconf 82' lang='lat' dir='ltr'>ff.</span> <span class='ocrx_word' id='word_1_279' title='bbox 647 2983 694 3018; x_wconf 89' lang='lat'>60</span> <span class='ocrx_word' id='word_1_280' title='bbox 713 2995 752 3027; x_wconf 90' lang='lat' dir='ltr'>v,</span> <span class='ocrx_word' id='word_1_281' title='bbox 767 2983 810 3018; x_wconf 90' lang='lat'>61</span> <span class='ocrx_word' id='word_1_282' title='bbox 832 2995 875 3018; x_wconf 91' lang='lat' dir='ltr'>v.</span> <span class='ocrx_word' id='word_1_283' title='bbox 899 2983 1088 3030; x_wconf 89' lang='lat' dir='ltr'>scriptum</span> <span class='ocrx_word' id='word_1_284' title='bbox 1107 2987 1186 3019; x_wconf 84' lang='lat' dir='ltr'>est.</span> <span class='ocrx_word' id='word_1_285' title='bbox 1300 3023 1303 3024; x_wconf 16' lang='lat'><em>⁷</em></span> <span class='ocrx_word' id='word_1_286' title='bbox 1706 3011 1709 3014; x_wconf 80' lang='lat'>.</span> 
     </span>
     <span class='ocr_line' id='line_1_34' title="bbox 309 3041 1935 3090; baseline 0 -14"><span class='ocrx_word' id='word_1_287' title='bbox 309 3052 311 3057; x_wconf 74' lang='grc'><em>’</em></span> <span class='ocrx_word' id='word_1_288' title='bbox 368 3041 384 3062; x_wconf 67' lang='lat'><strong>5</strong></span> <span class='ocrx_word' id='word_1_289' title='bbox 434 3042 533 3077; x_wconf 46' lang='lat' dir='ltr'>Ine.</span> <span class='ocrx_word' id='word_1_290' title='bbox 557 3041 875 3078; x_wconf 82' lang='lat' dir='ltr'>nondumPater</span> <span class='ocrx_word' id='word_1_291' title='bbox 898 3042 1080 3084; x_wconf 84' lang='lat' dir='ltr'>Madrid,</span> <span class='ocrx_word' id='word_1_292' title='bbox 1099 3043 1167 3078; x_wconf 84' lang='lat' dir='ltr'>sed</span> <span class='ocrx_word' id='word_1_293' title='bbox 1183 3042 1334 3078; x_wconf 80' lang='lat' dir='ltr'>Doctor</span> <span class='ocrx_word' id='word_1_294' title='bbox 1351 3042 1520 3079; x_wconf 84' lang='lat' dir='ltr'>Madrid</span> <span class='ocrx_word' id='word_1_295' title='bbox 1552 3043 1866 3090; x_wconf 84' lang='lat' dir='ltr'>nuncupabatur,</span> <span class='ocrx_word' id='word_1_296' title='bbox 1884 3052 1935 3076; x_wconf 92' lang='lat' dir='ltr'>eo</span> 
     </span>
     <span class='ocr_line' id='line_1_35' title="bbox 296 3099 912 3147; baseline 0.002 -11"><span class='ocrx_word' id='word_1_297' title='bbox 296 3099 402 3147; x_wconf 90' lang='lat' dir='ltr'>quod</span> <span class='ocrx_word' id='word_1_298' title='bbox 414 3100 455 3136; x_wconf 90' lang='lat' dir='ltr'>in</span> <span class='ocrx_word' id='word_1_299' title='bbox 476 3100 655 3137; x_wconf 89' lang='lat' dir='ltr'>tirocinio</span> <span class='ocrx_word' id='word_1_300' title='bbox 673 3106 912 3138; x_wconf 85' lang='lat' dir='ltr'>versaretur.</span> 
     </span>
    </p>
   </div>
  </div>
 </body>
</html>
