2196 3522
832 230 837 233 ἱ
875 266 900 302 9
925 255 1173 292 Novmfflms
1202 254 1294 301 1563
1829 255 1901 302 453

332 397 336 400 .
362 357 608 414 Inscripao
629 358 680 400 in
701 361 868 414 quarta
883 358 1082 415 pagina:
1099 357 1129 415 †
1145 358 1206 401 Al
1222 358 1360 402 molto
1377 358 1492 406 Rdo.
1512 357 1559 400 in
1575 358 1796 402 CHRISTO
1814 359 1906 402 Pa-

270 436 354 480 dre
374 434 406 478 il
429 436 482 478 P.
506 436 589 477 Dr.
615 433 883 478 Hieronimo
903 435 1082 489 Natale,
1106 434 1371 478 comissario
1393 435 1606 491 generale
1628 435 1745 479 della
1766 435 1906 479 Com-

274 511 441 569 pagnia
468 511 514 554 di
541 510 702 564 Giesu‚
733 518 820 554 etc.
854 513 903 554 In
933 511 1134 568 Dilinga.
1164 512 1272 554 Alia
1300 526 1459 554 manu:
1490 512 1616 567 1563.
1647 511 1902 570 Maguntia.

276 590 330 632 P.
357 589 599 632 Lamberto
620 589 763 642 Auer,
788 604 816 646 9
837 589 895 632 de
915 589 1193 633 Nouembre.
1218 589 1378 646 Sigilli
1397 591 1659 647 vestigium.
1907 600 1910 601 ’

764 797 767 799 ‚
1031 742 1155 782 333

735 832 765 867 P
774 860 782 867 .
826 830 1112 869 OLIVERIUS
1149 831 1442 868 MANAREUS

532 917 776 960 PATRI
822 916 1318 960 HIERONYMO
1366 916 1643 959 NADAL

766 1018 957 1053 PAmsns,
976 1021 1000 1054 9
1018 1018 1258 1047 novmfflffls
1279 1009 1370 1055 1563
1392 1013 1416 1047 ¹.

271 1103 310 1130 Ι.
334 1094 417 1129 Iter
435 1096 626 1141 prospere
655 1094 782 1129 cessit:
807 1105 898 1129 cum
919 1094 1131 1130 haereticis
1158 1094 1474 1140 disputant.—2.
1503 1094 1743 1130 Franciscus
1773 1094 1907 1142 Scipio

301 1199 305 1203 ,
344 1154 567 1189 Billomum
585 1153 693 1189 venit
710 1165 800 1189 cum
819 1152 1112 1199 Michaele.—3.
1131 1152 1305 1201 Collegii
1316 1154 1527 1189 duacensis
1539 1155 1742 1189 institutio
1759 1154 1904 1190 dilata.

343 1222 435 1256 —4.
458 1212 614 1247 Domus
629 1212 783 1258 optima
801 1212 979 1247 Parisiis
997 1212 1188 1248 Societati
1203 1215 1440 1260 comparata
1451 1241 1456 1247 .
1468 1233 1508 1239 -
1515 1221 1554 1258 5.
1579 1213 1655 1249 Res
1672 1212 1908 1259 familiaris

341 1271 502 1319 collegii
518 1271 761 1307 billomensis
776 1271 1153 1319 periclitatur.—6.
1188 1272 1372 1320 Vanegas
1388 1275 1425 1308 et
1444 1273 1686 1308 Paredensis
1706 1272 1907 1307 Lutetiam

315 1363 320 1367 .
341 1331 677 1377 adveniunt.—7.
696 1332 911 1379 Dueggius
928 1334 964 1367 et
979 1331 1258 1367 Maldonatus.
1277 1331 1355 1367 -8.
1379 1332 1559 1379 Regulae
1572 1334 1608 1367 et
1626 1331 1909 1366 instructiones

342 1393 379 1426 et
396 1391 483 1426 alia
505 1391 656 1438 scripta
679 1391 759 1438 ipsi
776 1404 800 1426 a
819 1390 964 1427 Natali
981 1392 1255 1436 tradita.—9.
1288 1392 1379 1437 Quo
1398 1394 1517 1438 pacto
1535 1390 1671 1438 officio
1687 1402 1759 1426 suo
1774 1390 1910 1439 fungi

341 1450 512 1497 coeperit
534 1450 706 1486 bre-viter
729 1454 921 1486 enarrat:
945 1452 1198 1487 demissionis
1220 1451 1353 1486 animi
1373 1462 1488 1487 sensa
1512 1451 1720 1498 exprimit:
1739 1453 1907 1498 precum

342 1509 522 1545 subsidia
534 1510 735 1556 postulat.
753 1555 758 1557 -

369 1605 406 1636 Ι.
473 1595 569 1637 Pax
600 1592 678 1636 X.i
713 1594 855 1637 Molto
893 1595 1010 1637 Rdo.
1052 1594 1098 1636 in
1135 1595 1220 1637 X.⁰
1260 1594 1422 1639 Padre.
1466 1594 1519 1637 El
1547 1593 1798 1650 penultimo
1834 1593 1909 1638 del

274 1676 455 1726 passato
476 1669 640 1713 arriuai
662 1669 707 1712 in
731 1670 886 1727 Parigi
908 1685 993 1714 con
1016 1671 1119 1714 miei
1144 1678 1212 1715 tre
1233 1670 1474 1727 compagni
1491 1677 1537 1714 et
1560 1670 1722 1714 fratelli
1743 1671 1777 1722 ²,
1804 1669 1909 1714 tutti

275 1761 354 1802 per
375 1745 522 1803 gratia
543 1747 616 1790 del
638 1746 805 1804 Signor
826 1748 940 1790 sani.
973 1749 1030 1790 Et
1057 1749 1083 1791 e
1111 1754 1229 1791 stato
1251 1747 1281 1790 il
1312 1747 1499 1804 viaggio
1528 1754 1653 1791 tanto
1675 1761 1906 1803 prospero,

274 1824 360 1866 che
383 1821 672 1867 n’habbiamo
693 1825 867 1867 hauuto
885 1824 1086 1882 pioggia‚
1112 1825 1239 1868 saluo
1258 1839 1319 1867 un
1341 1838 1456 1881 poco
1477 1823 1677 1867 all’uscir
1694 1825 1909 1880 d'Augu-

273 1907 361 1954 sta,
382 1906 428 1944 et
444 1900 674 1943 all’entrar
695 1900 742 1943 in
765 1901 980 1954 Tournai,
1001 1908 1298 1958 quantunque
1314 1916 1496 1958 paresse
1513 1901 1590 1958 piu
1608 1902 1732 1946 uolte
1750 1901 1780 1944 il
1797 1900 1911 1946 cielo

274 1977 444 2021 douere
467 1978 681 2022 mandare
705 1977 786 2034 giu
812 1979 855 2022 le
883 1985 1133 2030 cataracte,
1169 1993 1245 2034 per
1278 1978 1310 2020 il
1337 1980 1421 2022 che
1449 1980 1643 2022 mancho
1670 1977 1911 2021 habbiamo

275 2055 449 2096 hauuto
470 2055 580 2106 sole,
604 2053 704 2097 sino
725 2069 751 2097 a
774 2054 945 2111 Parigi,
970 2055 1097 2098 saluo
1120 2055 1209 2098 due
1230 2054 1394 2111 giomi.
1421 2054 1557 2099 Siche
1579 2055 1622 2098 la
1643 2055 1816 2097 buonta
1837 2054 1911 2098 del

274 2130 445 2187 Signor
472 2131 514 2174 ci
535 2133 594 2174 ha
614 2132 718 2174 data
741 2131 851 2188 ogni
872 2131 1144 2174 commodita
1170 2132 1244 2175 dal
1272 2131 1386 2177 cielo
1408 2135 1448 2174 et
1476 2133 1524 2174 in
1550 2132 1690 2174 terris
1711 2146 1803 2174 non
1825 2130 1910 2173 mi-

275 2222 386 2252 nore
407 2215 578 2264 quanto
600 2209 615 2229 ³
640 2223 731 2251 non
753 2208 993 2252 habbiamo
1017 2215 1227 2252 truouato
1249 2209 1487 2252 occasione
1504 2209 1549 2251 di
1571 2207 1832 2253 lamentarsi
1854 2208 1912 2252 de

277 2284 481 2338 nissuno,
507 2286 635 2328 saluo
657 2288 741 2329 che
763 2285 808 2328 di
829 2287 998 2329 hauere
1015 2287 1184 2330 veduto
1201 2286 1351 2330 alcuni
1370 2285 1697 2343 transgressori
1719 2284 1764 2328 di
1786 2299 1911 2328 com-

281 2362 585 2407 mandamenti
608 2364 726 2406 della
747 2370 877 2407 santa
897 2363 1066 2408 chiesia
1086 2363 1134 2406 in
1162 2371 1315 2407 nostra
1337 2355 1555 2420 presenza
1582 2377 1719 2406 senza
1741 2361 1912 2418 poterci

279 2438 390 2482 dare
411 2438 616 2484 timedio.
643 2442 732 2484 Tre
754 2441 878 2483 uolte
906 2440 947 2484 ci
974 2439 1116 2484 siamo
1144 2440 1343 2484 truouati
1364 2455 1391 2483 a
1418 2440 1648 2496 disputare
1670 2454 1757 2482 con
1778 2440 1911 2483 here-

282 2513 374 2566 tici,
394 2529 486 2558 non
508 2517 707 2572 potendo
730 2517 823 2560 sare
844 2516 889 2559 di
911 2518 1120 2571 mancho,
1145 2515 1206 2559 mi
1227 2531 1335 2573 pare
1351 2531 1437 2559 con
1454 2517 1606 2558 buona
1623 2515 1907 2567 conscienza,

278 2599 326 2634 et
347 2606 524 2648 sempre
546 2592 577 2635 il
597 2594 727 2638 dolce
759 2593 904 2639 Giesu
926 2593 968 2637 ci
990 2595 1048 2637 ha
1069 2594 1175 2637 data
1196 2594 1239 2637 la
1259 2593 1458 2646 vittoria‚
1482 2600 1527 2636 et
1551 2601 1847 2648 quantunque
1868 2591 1911 2635 le

279 2668 369 2712 due
390 2668 516 2712 volte
537 2668 604 2712 sia
625 2676 743 2714 stato
766 2685 853 2714 con
874 2670 1056 2723 literati,
1082 2677 1128 2715 et
1149 2670 1189 2713 al
1211 2669 1431 2727 principio
1448 2670 1588 2712 molto
1611 2667 1809 2720 ostinati‚
1835 2681 1910 2710 re-

278 2745 506 2787 miserunt
521 2749 672 2789 tamen
689 2748 926 2790 nonnichil
942 2747 987 2790 di
1004 2761 1087 2790 sua
1103 2746 1424 2799 obstinatione,
1440 2745 1755 2802 promettendo
1769 2743 1814 2787 di
1827 2758 1912 2786 vo-

274 2821 344 2865 ler
366 2835 446 2877 per
468 2821 690 2868 l'auenire
710 2825 898 2868 cerchar
918 2825 962 2867 la
988 2823 1132 2868 verita
1158 2830 1204 2866 et
1230 2838 1323 2867 non
1352 2821 1606 2874 abhorrire,
1638 2835 1765 2864 come
1789 2820 1913 2874 face7

351 2947 361 2966 ¹
412 2945 471 2979 Ex
488 2946 740 2992 autographo,
759 2945 799 2981 in
820 2945 920 2983 Cod.
946 2956 992 2993 30
1009 2947 1068 2992 a),
1087 2945 1233 2993 duplici
1250 2945 1318 2983 fol.
1338 2945 1399 2992 34,
1418 2944 1463 2990 35
1478 2947 1596 2990 (444).

350 3006 364 3025 2
414 3003 516 3039 Vide
534 3004 652 3051 epist.
676 3003 762 3051 309,
782 3017 826 3042 n.
852 3014 887 3041 1.

353 3063 368 3084 ³
420 3063 507 3105 Ms„
528 3075 569 3109 q.
