2196 3522
0 0 576 71 ffl’rsswmsrffissvzrzaetws
592 0 702 34 ”150⁸
715 0 784 38 *Ἢ
792 0 827 25 ’κς
839 6 841 8 -
851 0 889 19 φ
1128 0 1139 11 v·
1155 0 1163 3 ··
1326 0 1337 7 .

56 30 119 43 .¹'·-
151 32 202 46 2³5.
236 32 261 42 nx
300 29 327 39 “-
425 29 466 41 w.
519 30 578 38 -
637 36 716 41 ,
831 32 834 33 ⁷

955 254 1178 291 Am’ssnmx
1811 251 1886 298 647

244 357 441 402 essendo
464 358 550 400 che
572 371 779 413 speramo
800 356 846 400 in
868 357 1010 401 breue
1033 362 1201 411 tempo,
1225 368 1311 398 con
1333 355 1377 398 la
1393 353 1541 411 gratia
1557 353 1603 398 di
1617 353 1724 406 Dio,
1744 354 1888 398 esser’

243 415 452 459 ritornati
474 416 521 458 in
543 416 687 469 Italia,
712 423 759 461 et
774 416 818 459 io
839 415 1012 461 restaro
1029 429 1115 458 con
1137 414 1292 471 obligo
1314 429 1340 457 a
1360 414 1418 458 lei
1441 420 1487 457 et
1508 428 1533 457 a
1551 419 1669 456 tutta
1686 413 1729 456 la
1746 413 1885 456 Com-

241 475 424 532 pagnia.
439 475 499 519 Di
517 475 755 529 Piacenza,
774 475 806 518 li
823 473 1022 519 xx1111di
1040 475 1175 518 X.bre
1193 488 1243 517 M.
1256 488 1302 518 D.
1324 473 1534 518 LX111.Di
1551 474 1609 517 V.
1626 474 1678 516 P.
1698 473 1753 516 R.
1773 473 1888 516 affe-

244 534 521 578 tionatisimo
541 534 589 578 in
611 537 731 592 Xpo.
758 535 951 588 fratello,

992 593 1040 636 IL
1062 605 1302 643 CARDINAL
1325 592 1369 635 D'
1392 592 1646 636 AUGUSTA.

332 654 380 696 Io
401 652 432 695 li
454 653 563 697 daro
585 653 630 696 di
653 667 775 696 nouo
797 651 955 696 ordine
976 653 1061 695 che
1090 651 1217 694 siano
1245 650 1400 707 pagati
1429 651 1471 693 al
1501 652 1554 698 P.
1590 649 1775 695 Canisio
1804 663 1889 705 per

241 720 378 755 conto
417 713 491 758 del
529 712 723 770 collegio
755 711 786 755 li
817 724 906 767 400
945 722 986 758 V
1001 744 1011 764 ,
1047 710 1169 766 quali
1207 709 1268 752 mi
1306 710 1548 767 meruiglio
1584 711 1670 757 che
1708 709 1888 752 tardino

244 778 373 814 tanto
401 773 430 814 ¹.

334 831 578 886 Inscriptio
600 831 650 873 in
668 834 835 887 quarta
849 830 1049 887 pagina:
1071 829 1131 872 Al
1152 829 1295 872 molto
1318 829 1434 872 Rdo.
1466 827 1513 870 in
1541 829 1660 886 Xpo.
1688 827 1881 880 fratello,

243 889 274 932 il
299 891 352 933 Ρ.
373 890 547 948 Jacobo
575 891 795 946 Laynetz‚
821 889 1052 946 proposito
1080 888 1175 946 [sic]
1212 888 1427 945 generale
1455 887 1572 930 della
1599 885 1887 943 Compagnia

243 950 317 994 del
329 950 458 1007 Jesu.
486 950 536 992 In
559 950 718 993 Roma.

981 1109 1135 1153 XXIX

776 1211 824 1246 B.
857 1209 1061 1246 PETRUS
1087 1208 1335 1246 CANISIUS

11 1336 13 1338 .
666 1301 866 1333 PATRI
921 1300 1178 1341 JACOBO
1231 1300 1455 1331 LAINEZ

0 1379 17 1422 ’τ’
583 1392 586 1394 ·
621 1378 863 1434 Augustae
875 1410 886 1430 ,
922 1389 979 1431 24
1010 1375 1276 1421 Decembris
1315 1376 1424 1430 1563
1458 1376 1490 1417 ².

325 1466 381 1501 Di
391 1464 596 1512 ‘ficultates
613 1466 658 1501 in
675 1465 841 1514 collegio
858 1465 1075 1513 dilingano
1088 1467 1179 1512 post
1197 1464 1360 1500 Natalis
1377 1464 1590 1500 discessum
1611 1466 1790 1499 exortae.

341 1543 534 1599 ...Quod
556 1543 613 1586 ad
635 1542 1156 1600 collegium'dilingense
1178 1541 1356 1594 attinet,
1382 1541 1508 1598 piget
1531 1556 1708 1597 semper
1726 1540 1883 1596 ingra—

0 1630 3 1654 ;
243 1609 339 1645 tum
377 1603 553 1646 adferre
582 1601 815 1646 nuncium.
842 1602 1062 1646 Humiliat
1084 1617 1167 1645 nos
1197 1601 1419 1645 Dominus
1443 1603 1507 1658 (ut
1531 1600 1736 1647 arbitror)
1760 1599 1880 1644 circa

0 1657 9 1700 'r
245 1661 425 1718 collegii
452 1661 589 1705 huius
618 1661 850 1718 principia,
881 1676 998 1717 quae
1026 1662 1083 1704 ab
1111 1661 1240 1704 initio
1269 1661 1451 1717 quidem
1490 1661 1606 1704 laete
1630 1660 1882 1715 surgebant

0 1716 19 1798 ’ἱ
246 1735 350 1763 cum
373 1721 551 1764 adesset
574 1727 619 1765 et
641 1728 868 1777 praeesset
896 1720 1110 1764 fratribus
1141 1723 1192 1764 Ρ.
1227 1720 1416 1766 Natalis.
1459 1721 1626 1763 Postea
1657 1725 1882 1773 sequutae

0 1803 5 1833 4
245 1786 354 1823 sunt
377 1780 527 1824 uariae
548 1780 890 1824 difficultates...
915 1781 1116 1836 Exponit
1138 1780 1210 1823 hic
1231 1779 1519 1836 difficultates
1536 1793 1592 1821 ex
1606 1779 1755 1821 variis
1777 1793 1871 1820 ma-

0 1833 7 1898 }
241 1840 411 1895 gistris
439 1839 616 1897 collegii
642 1839 837 1892 obortas,
865 1842 906 1882 et
934 1840 1041 1882 Ilaec
1074 1840 1223 1883 addit:
1252 1840 1352 1895 Ego
1379 1840 1601 1881 hactenus
1643 1836 1885 1893 prohibeor

0 1902 10 1956 J,
245 1899 390 1942 bonos
414 1899 574 1943 fratres
596 1898 808 1951 inuisere,
828 1913 942 1954 quos
964 1899 1135 1942 utinam
1159 1898 1380 1942 consolari
1403 1904 1449 1942 et
1471 1897 1517 1939 in
1535 1897 1685 1940 officio
1712 1896 1879 1939 confir-

0 1958 18 2011 }
246 1972 369 2001 mare
406 1972 599 2013 possem.
642 1956 818 2000 Inuidet
845 1959 968 2000 haud
995 1958 1132 2002 dubie
1169 1959 1341 2002 Sathan
1370 1956 1476 2000 huic
1508 1955 1718 2012 collegio,
1757 1957 1883 2011 quod

0 2015 9 2060 ἱ
245 2031 337 2059 non
378 2017 631 2061 mediocres
673 2017 803 2060 nobis
844 2017 890 2060 in
933 2017 1116 2061 Christo
1157 2031 1427 2074 progressus
1470 2015 1729 2072 pollicetur,
1776 2029 1879 2057 curn

246 2083 469 2132 augeatur
492 2075 638 2132 magis
661 2090 713 2119 ac
734 2075 881 2132 magis
898 2091 1115 2121 numerus
1132 2075 1555 2120 scholasticorum...
1578 2074 1717 2131 Igitur
1734 2074 1879 2132 maio-

245 2150 339 2178 rem
369 2135 415 2178 in
445 2137 627 2178 modum
657 2142 948 2191 expectamus
976 2143 1020 2179 et
1050 2150 1284 2192 rogamus,
1325 2142 1376 2178 ut
1407 2135 1560 2190 plures
1597 2136 1686 2176 huc
1720 2134 1882 2177 fratres

246 2194 485 2237 mittantur
501 2209 604 2237 cum
623 2195 742 2237 bono
759 2201 949 2247 rectore,
968 2202 1110 2250 utque
1126 2202 1250 2240 certo
1265 2194 1572 2250 intelligamus
1587 2192 1695 2247 quid
1714 2195 1763 2235 P.
1786 2193 1881 2235 Na—

247 2253 348 2296 talis
370 2253 680 2309 impetrauerit
701 2268 728 2296 a
749 2253 991 2307 cardinale,
1016 2254 1278 2310 praesertim
1302 2254 1422 2296 circa
1450 2251 1675 2309 gymnasii
1707 2253 1879 2307 guber—

246 2312 492 2365 nationem,
517 2320 562 2355 et
590 2313 936 2357 conuenientem
965 2313 1130 2357 nostris
1156 2313 1471 2364 mutationem,
1498 2311 1879 2368 quemadmodum

245 2370 319 2414 ille
342 2371 472 2414 nobis
494 2371 541 2414 in
562 2371 765 2415 discessu
787 2372 1050 2428 promittere
1073 2372 1368 2417 uidebatur...
1394 2373 1498 2415 Non
1522 2371 1666 2413 dicam
1696 2370 1753 2413 de
1781 2368 1883 2411 aliis

246 2430 470 2486 collegiis,
496 2445 612 2486 quae
633 2430 805 2473 utinam
829 2431 1024 2487 aliquam
1047 2431 1303 2488 acciperent
1324 2431 1370 2474 in
1393 2429 1761 2487 praeceptoribus
1778 2442 1881 2470 mu—

246 2489 519 2533 tationem...
545 2491 716 2534 Verum
738 2490 795 2534 de
815 2490 887 2533 his
908 2504 1060 2534 coram
1081 2498 1278 2547 exponet
1301 2492 1354 2534 P.
1381 2489 1556 2534 Natalis
1573 2503 1653 2544 pro
1671 2502 1753 2530 sua
1770 2501 1879 2543 pru-

244 2548 399 2592 dentia
421 2555 467 2591 et
489 2555 642 2592 nostra
660 2549 984 2593 nec’essitate...
1007 2551 1299 2594 Hermannus
1316 2549 1604 2593 Nouesianus
1622 2562 1647 2590 a
1664 2549 1722 2590 D.
1744 2547 1880 2590 Lam-

244 2608 375 2651 berto
398 2607 592 2650 mittitur
614 2609 671 2650 ad
692 2622 776 2651 nos
797 2615 843 2651 et
866 2610 919 2652 P.
945 2609 1153 2652 Natalem
1176 2609 1431 2666 Moguntia.
1465 2607 1569 2651 Fuit
1592 2607 1666 2650 ille
1694 2607 1877 2648 carthu-

246 2666 402 2709 sianus
431 2666 585 2710 multis
617 2667 866 2719 mensibus,
897 2668 1161 2711 adolescens
1190 2680 1245 2712 22
1276 2681 1513 2718 annorum,
1550 2665 1625 2721 qui
1654 2665 1787 2720 plane
1823 2665 1882 2707 ad

246 2732 446 2768 nostram
466 2725 741 2770 Societatem
759 2726 941 2782 aspirat,
957 2728 1037 2770 sed
1053 2726 1098 2769 in
1116 2741 1170 2771 ea
1186 2727 1297 2770 nihil
1311 2726 1602 2771 exercitatus.
1618 2725 1751 2768 Unde
1768 2737 1878 2766 con-

244 2785 415 2828 sultum
440 2784 571 2828 nobis
594 2785 742 2828 uisum
764 2799 855 2828 non
877 2793 946 2829 est
967 2785 1092 2829 illum
1122 2787 1179 2829 ad
1206 2788 1260 2830 P.
1285 2787 1511 2836 Natalem,
1538 2784 1611 2827 uel
1639 2783 1684 2825 in
1707 2782 1878 2825 Italiam

318 2892 326 2912 ¹
377 2891 486 2926 Haec
496 2890 631 2926 ultima
643 2891 904 2938 paragraphus
918 2902 1007 2926 cum
1016 2891 1303 2938 subscriptione
1317 2890 1506 2938 epistolae
1520 2893 1611 2925 sunt
1625 2888 1880 2934 autographa.

243 2937 346 3020 Vidi?3
374 2938 566 2985 append.,
585 2939 654 2980 VI,
682 2939 812 2974 XXIV
830 2944 870 2974 et
893 2939 1018 2983 XXV3
1044 2943 1084 2974 et
1102 2939 1220 2986 epist.
1249 2938 1335 2983 311,
1364 2937 1448 2980 316,
1474 2937 1558 2978 322,
1584 2935 1667 2980 327,
1698 2934 1782 2979 329,
1809 2933 1880 2980 334

239 2990 283 3020 et
313 3035 327 3055 ²
347 2994 435 3067 7·Ex
453 3033 680 3079 archetypo,
700 3031 739 3068 in
757 3033 892 3094 Epist.
924 3032 1097 3077 Canisii,
1116 3033 1148 3075 1,
1174 3032 1317 3080 triplici
1341 3032 1413 3069 fol.
1446 3041 1513 3077 125
1538 3030 1639 3077 (365,
1663 3028 1748 3075 366,
1772 3025 1877 3075 367)ss
