2196 3522
983 299 996 326 1
1004 290 1070 336 561
1794 290 1845 336 73

204 391 367 448 spondi
387 391 729 437 dificultatibus.
757 393 1070 438 Constituerat
1098 394 1152 437 P.
1177 394 1214 437 F
1216 392 1449 437 ranciscus
1470 392 1545 436 hic
1573 399 1837 450 expectare,

207 470 352 514 donec
375 484 482 526 ego,
506 470 697 515 veniens
718 470 764 513 in
786 471 1048 523 Castellam,
1072 469 1274 514 viderem
1298 469 1439 530 [quid]
1460 469 1524 513 illi
1545 477 1667 516 esset
1693 485 1839 528 agen-

210 546 334 590 dum.
361 547 420 590 Et
447 561 536 604 ego
563 547 746 603 quidem
779 549 898 593 bene
930 548 1183 605 sperabam,
1214 554 1264 590 vt
1296 562 1487 605 semper.
1519 547 1723 593 Deduxit
1748 563 1839 602 me,

210 624 453 668 abeuntem
481 623 805 678 Conimbriam,
835 626 894 669 ad
922 623 1245 669 monasterium
1274 625 1347 669 del
1379 625 1596 679 Pedroso,
1625 626 1683 668 ad
1705 637 1731 669 2
1754 625 1841 669 mi-

204 700 345 745 liaria.
371 702 422 745 In
443 703 529 745 hoc
550 702 692 746 multa
710 702 824 746 dixit
840 703 897 746 de
919 701 1130 755 Araozio,
1150 708 1239 747 etc.

297 780 402 823 Non
423 779 581 824 censui
602 793 703 824 esse
728 779 1082 837 permittendum
1108 785 1159 821 vt
1186 779 1372 823 Goueas
1401 778 1590 836 (etiamsi
1617 779 1843 836 legittime

205 855 252 899 id
273 856 456 913 posset),
481 856 639 901 relicta
659 871 814 910 vxore,
845 856 1122 913 reciperetur
1147 856 1203 898 ad
1223 855 1515 909 Societatem,
1545 855 1623 899 vbi
1645 856 1734 900 iam
1755 858 1839 900 ha-

203 933 341 978 bebat
364 947 389 989 3
411 934 546 978 filios.
572 935 677 978 Non
698 933 920 978 habebam
942 933 1216 989 exemplum,
1241 940 1287 976 et
1308 947 1401 976 non
1423 935 1696 989 putabamus
1716 935 1835 978 bene

202 1024 303 1055 esse
318 1010 569 1064 audituros,
581 1011 619 1055 si
635 1011 682 1054 id
698 1011 842 1055 fieret.
873 1009 880 1069 Ι
907 1009 1110 1053 Iudicaui
1125 1008 1282 1053 vtilius
1297 1009 1336 1054 si
1346 1010 1508 1054 domus
1524 1009 1600 1053 illa
1616 1017 1839 1067 portuen-

205 1086 267 1131 sis
282 1087 413 1132 fieret
429 1102 636 1132 secessus
652 1087 834 1143 quidam
851 1101 934 1144 pro
949 1086 1358 1132 conimbriensibus
1373 1086 1730 1144 valetudinarijs,
1744 1095 1835 1132 etc.

299 1207 402 1252 141
882 1220 1182 1252 CONIMBRIAE

297 1320 386 1365 Hic
414 1327 510 1366 erat
543 1322 597 1365 P.
629 1320 824 1365 Michael
850 1320 907 1364 de
935 1321 1050 1365 Sosa
1091 1326 1254 1365 rector.
1293 1319 1486 1364 Inferius
1518 1317 1615 1380 [sic]
1641 1320 1840 1378 collegio

207 1399 261 1442 P.
289 1397 545 1455 Cyprianus
566 1404 730 1443 rector.

292 1475 346 1518 P.
373 1473 520 1519 Miron
542 1474 707 1519 missus
729 1475 877 1519 fuerat
898 1474 945 1518 in
967 1489 1160 1531 regnum
1176 1474 1440 1532 Aragoniae
1455 1489 1483 1518 a
1500 1476 1553 1518 P.
1573 1475 1610 1518 F
1612 1473 1834 1529 ranciscO,

204 1558 254 1595 vt
289 1558 410 1597 esset
441 1550 747 1609 prouincialis3
784 1551 959 1597 obierat
995 1551 1116 1597 enim
1152 1552 1207 1595 P.
1244 1553 1424 1604 Barma,
1458 1551 1556 1606 sed,
1595 1550 1839 1608 designato

206 1631 259 1674 P.
293 1628 527 1683 Cordesio,
566 1628 716 1674 Miron
744 1628 829 1672 fuit
864 1628 1029 1673 missus
1063 1628 1296 1683 Mursiam‚
1326 1629 1446 1672 vnde
1480 1628 1566 1672 fuit
1593 1635 1841 1673 reuocatus

204 1705 528 1759 Conimbriam,
551 1713 601 1749 vt
622 1713 780 1763 ageret
801 1705 1266 1763 superintendentem,
1290 1706 1414 1763 quod
1434 1705 1575 1763 prius.

238 1793 243 1794 ⁷
294 1783 400 1836 Hic,
439 1790 623 1840 propter
658 1782 1011 1836 multitudinem,
1045 1790 1095 1826 vt
1132 1796 1426 1840 agnoscerem
1458 1797 1631 1836 omnes,
1656 1783 1835 1840 incoepi

204 1860 316 1904 illud
338 1860 595 1904 institutum
617 1867 787 1914 tenere,
809 1867 859 1903 vt
880 1861 1163 1904 comederem
1186 1859 1233 1903 in
1260 1859 1470 1904 cubiculo
1497 1860 1696 1917 quidem,
1721 1860 1835 1904 nihil

204 1944 332 1983 extra
353 1937 557 1982 ordinem
586 1945 753 1992 tamen,
786 1945 832 1982 et
858 1952 1035 1982 mecum
1059 1937 1194 1994 aliquj
1223 1952 1280 1982 ex
1302 1937 1517 1982 Patribus
1549 1944 1596 1983 et
1619 1937 1836 1982 fratribus

203 2029 283 2072 per
303 2015 428 2072 vjces
455 2017 482 2059 ¹.

290 2093 467 2150 Egebat
498 2092 795 2138 renouatione
831 2094 921 2137 hoc
952 2093 1213 2150 collegium,
1261 2099 1309 2135 vt
1341 2092 1615 2150 scripserant
1646 2093 1704 2136 ad
1738 2095 1830 2137 Pa-

201 2174 332 2223 trem,
362 2169 370 2228 Ι
396 2176 634 2227 propterea
650 2183 889 2215 necessum
906 2169 992 2213 fuit
1008 2169 1180 2213 diutius
1194 2169 1270 2213 hic
1285 2171 1488 2223 haerere,
1499 2176 1546 2214 et
1562 2169 1832 2227 diligentius

202 2260 354 2304 agere,
373 2247 496 2303 quod
509 2246 644 2291 etiam
661 2246 906 2290 multitudo
920 2246 1172 2304 flagitabat.
1188 2247 1293 2291 Non
1309 2247 1515 2304 placebat
1531 2247 1767 2300 Andrada,
1783 2254 1831 2291 et

201 2323 399 2379 fortasis,
421 2324 538 2368 male
558 2323 645 2368 sibi
666 2324 892 2378 conscius,
916 2324 1124 2368 discessit
1152 2325 1424 2368 clanculum.
1455 2324 1639 2381 Quibus
1665 2323 1832 2369 diebus

204 2399 397 2456 primum
417 2415 630 2446 veneram
652 2415 723 2454 eo,
747 2401 883 2445 etiam
905 2401 1162 2445 accuratius
1184 2401 1290 2445 data
1311 2408 1380 2447 est
1400 2415 1538 2458 opera
1559 2402 1617 2445 ad
1644 2400 1828 2458 spiritus

204 2483 250 2519 et
271 2490 421 2520 rerum
442 2477 642 2522 omnium
669 2478 1026 2523 renouationem.
1058 2478 1239 2535 Incoepi
1259 2477 1400 2535 igitur
1427 2479 1595 2522 habere
1615 2479 1830 2524 exhorta-

205 2552 366 2605 tiones,
379 2553 543 2609 quibus
557 2555 672 2600 adeo
688 2556 873 2601 fuerunt
889 2555 1069 2601 accensi
1085 2562 1135 2598 vt
1151 2569 1318 2613 magna
1332 2562 1600 2612 sequeretur
1614 2554 1825 2607 mutatio,

203 2644 370 2687 magna
391 2630 671 2675 confirmatio
691 2632 807 2676 14²
827 2631 1094 2676 animorum:
1119 2639 1276 2677 secuta
1296 2632 1503 2677 examina
1517 2639 1563 2677 et
1578 2631 1827 2676 confessio-

201 2721 284 2750 nes
304 2696 558 2764 generales,
577 2722 668 2751 non
685 2710 830 2752 solum
859 2710 916 2753 ab
937 2709 1110 2763 vltima,
1142 2710 1221 2754 sed
1243 2708 1331 2754 iam
1353 2709 1459 2755 inde
1485 2716 1723 2767 postquam
1744 2723 1827 2752 ve—

199 2791 360 2828 nerant
382 2785 439 2827 ad
461 2783 733 2829 Societatem
754 2786 788 2829 ¹.

288 2859 442 2904 Habui
463 2859 572 2905 item
599 2860 791 2906 subinde
825 2863 1088 2910 collationes
1115 2865 1171 2909 de
1193 2864 1264 2921 ijs,
1297 2879 1413 2921 quae
1446 2864 1646 2908 dixeram
1674 2862 1721 2906 in
1743 2877 1825 2907 ex—

276 3048 287 3069 ¹
338 3045 597 3092 SAccnmus,
615 3045 692 3081 loc.
717 3045 802 3092 cit.‚
820 3058 859 3082 n.
882 3055 942 3092 14.

273 3108 289 3127 ²
339 3104 596 3151 SAccnmus,
616 3106 688 3140 loc.
712 3104 796 3152 cit.‚
815 3117 857 3142 n.
886 3114 944 3151 15.
