<?xml version="1.0" encoding="UTF-8"?>
<!DOCTYPE html PUBLIC "-//W3C//DTD XHTML 1.0 Transitional//EN"
    "http://www.w3.org/TR/xhtml1/DTD/xhtml1-transitional.dtd">
<html xmlns="http://www.w3.org/1999/xhtml" xml:lang="en" lang="en">
 <head>
  <title>
</title>
<meta http-equiv="Content-Type" content="text/html;charset=utf-8" />
  <meta name='ocr-system' content='tesseract 3.04.00' />
  <meta name='ocr-capabilities' content='ocr_page ocr_carea ocr_par ocr_line ocrx_word'/>
</head>
<body>
  <div class='ocr_page' id='page_1' title='image "./epistolaephieron02nadauoft_0593.png"; bbox 0 0 2196 3522; ppageno 0'>
   <div class='ocr_carea' id='block_1_1' title="bbox 0 0 711 70">
    <p class='ocr_par' dir='ltr' id='par_1_1' title="bbox 0 0 711 70">
     <span class='ocr_line' id='line_1_1' title="bbox 0 0 711 70; baseline 0 3452"><span class='ocrx_word' id='word_1_1' title='bbox 0 0 711 70; x_wconf 95' lang='lat' dir='ltr'><strong> </strong></span> 
     </span>
    </p>
   </div>
   <div class='ocr_carea' id='block_1_2' title="bbox 917 283 1843 329">
    <p class='ocr_par' dir='ltr' id='par_1_2' title="bbox 917 283 1843 329">
     <span class='ocr_line' id='line_1_2' title="bbox 917 283 1843 329; baseline -0.001 -9"><span class='ocrx_word' id='word_1_2' title='bbox 917 284 1141 321; x_wconf 72' lang='lat' dir='ltr'><strong>Appznmx</strong></span> <span class='ocrx_word' id='word_1_3' title='bbox 1770 283 1843 329; x_wconf 85' lang='lat'><strong>567</strong></span> 
     </span>
    </p>
   </div>
   <div class='ocr_carea' id='block_1_3' title="bbox 212 383 1849 2980">
    <p class='ocr_par' dir='ltr' id='par_1_3' title="bbox 212 383 1841 561">
     <span class='ocr_line' id='line_1_3' title="bbox 212 383 1841 441; baseline -0.002 -11"><span class='ocrx_word' id='word_1_4' title='bbox 212 387 267 430; x_wconf 92' lang='lat' dir='ltr'><strong>P.</strong></span> <span class='ocrx_word' id='word_1_5' title='bbox 314 386 568 429; x_wconf 88' lang='lat' dir='ltr'><strong>Polanco...</strong></span> <span class='ocrx_word' id='word_1_6' title='bbox 616 398 683 439; x_wconf 91' lang='lat'><strong>14.</strong></span> <span class='ocrx_word' id='word_1_7' title='bbox 729 387 810 429; x_wconf 89' lang='lat' dir='ltr'><strong>Est</strong></span> <span class='ocrx_word' id='word_1_8' title='bbox 851 386 1061 430; x_wconf 83' lang='lat' dir='ltr'>sacerdos</span> <span class='ocrx_word' id='word_1_9' title='bbox 1102 385 1159 428; x_wconf 89' lang='lat' dir='ltr'><strong>ab</strong></span> <span class='ocrx_word' id='word_1_10' title='bbox 1205 384 1416 441; x_wconf 88' lang='lat' dir='ltr'><strong>ingressu</strong></span> <span class='ocrx_word' id='word_1_11' title='bbox 1456 383 1505 427; x_wconf 92' lang='lat' dir='ltr'><strong>in</strong></span> <span class='ocrx_word' id='word_1_12' title='bbox 1545 384 1841 430; x_wconf 73' lang='lat' dir='ltr'><strong>Societatem.</strong></span> 
     </span>
     <span class='ocr_line' id='line_1_4' title="bbox 219 443 1839 501; baseline -0.002 -12"><span class='ocrx_word' id='word_1_13' title='bbox 219 455 286 500; x_wconf 90' lang='lat'><strong>15.</strong></span> <span class='ocrx_word' id='word_1_14' title='bbox 307 444 413 488; x_wconf 91' lang='lat' dir='ltr'><strong>Fuit</strong></span> <span class='ocrx_word' id='word_1_15' title='bbox 433 444 478 487; x_wconf 92' lang='lat' dir='ltr'><strong>in</strong></span> <span class='ocrx_word' id='word_1_16' title='bbox 496 444 687 501; x_wconf 86' lang='lat' dir='ltr'><strong>collegio</strong></span> <span class='ocrx_word' id='word_1_17' title='bbox 703 444 986 498; x_wconf 82' lang='lat' dir='ltr'><strong>bononiensi,</strong></span> <span class='ocrx_word' id='word_1_18' title='bbox 1004 444 1336 501; x_wconf 89' lang='lat' dir='ltr'><strong>panormitano,</strong></span> <span class='ocrx_word' id='word_1_19' title='bbox 1356 458 1560 497; x_wconf 86' lang='lat' dir='ltr'><strong>romano,</strong></span> <span class='ocrx_word' id='word_1_20' title='bbox 1580 443 1839 500; x_wconf 85' lang='lat' dir='ltr'><strong>appamien-</strong></span> 
     </span>
     <span class='ocr_line' id='line_1_5' title="bbox 214 501 637 561; baseline -0.002 0"><span class='ocrx_word' id='word_1_21' title='bbox 214 504 268 548; x_wconf 82' lang='lat' dir='ltr'><strong>si·</strong></span> <span class='ocrx_word' id='word_1_22' title='bbox 292 501 382 561; x_wconf 72' lang='grc' dir='ltr'><strong>[ΙΙΙ.</strong></span> <span class='ocrx_word' id='word_1_23' title='bbox 409 514 510 558; x_wconf 75' lang='lat'><strong>751,</strong></span> <span class='ocrx_word' id='word_1_24' title='bbox 537 505 637 560; x_wconf 86' lang='lat'><strong>752]</strong></span> 
     </span>
    </p>

    <p class='ocr_par' dir='ltr' id='par_1_4' title="bbox 215 563 1844 1864">
     <span class='ocr_line' id='line_1_6' title="bbox 312 563 1843 620; baseline 0 -14"><span class='ocrx_word' id='word_1_25' title='bbox 312 575 347 606; x_wconf 90' lang='grc'><strong>1.</strong></span> <span class='ocrx_word' id='word_1_26' title='bbox 413 564 644 606; x_wconf 78' lang='lat' dir='ltr'><strong>Llamome</strong></span> <span class='ocrx_word' id='word_1_27' title='bbox 659 564 781 620; x_wconf 83' lang='lat' dir='ltr'><strong>Joan</strong></span> <span class='ocrx_word' id='word_1_28' title='bbox 802 563 986 606; x_wconf 75' lang='lat' dir='ltr'><strong>Rabies.</strong></span> <span class='ocrx_word' id='word_1_29' title='bbox 1013 574 1055 605; x_wconf 93' lang='lat'><strong>2.</strong></span> <span class='ocrx_word' id='word_1_30' title='bbox 1082 563 1244 619; x_wconf 88' lang='lat' dir='ltr'><strong>Tengo</strong></span> <span class='ocrx_word' id='word_1_31' title='bbox 1274 575 1330 616; x_wconf 88' lang='lat'><strong>30</strong></span> <span class='ocrx_word' id='word_1_32' title='bbox 1357 568 1484 605; x_wconf 73' lang='lat' dir='ltr'><strong>afros.</strong></span> <span class='ocrx_word' id='word_1_33' title='bbox 1518 575 1559 617; x_wconf 88' lang='lat'><strong>3.</strong></span> <span class='ocrx_word' id='word_1_34' title='bbox 1591 563 1685 617; x_wconf 90' lang='lat' dir='ltr'><strong>Soy</strong></span> <span class='ocrx_word' id='word_1_35' title='bbox 1715 570 1843 606; x_wconf 85' lang='lat' dir='ltr'><strong>cata-—</strong></span> 
     </span>
     <span class='ocr_line' id='line_1_7' title="bbox 216 621 1843 678; baseline -0.001 -13"><span class='ocrx_word' id='word_1_36' title='bbox 216 623 306 675; x_wconf 89' lang='grc'><strong>133,</strong></span> <span class='ocrx_word' id='word_1_37' title='bbox 331 622 388 666; x_wconf 91' lang='grc'><strong>(16</strong></span> <span class='ocrx_word' id='word_1_38' title='bbox 411 623 689 678; x_wconf 84' lang='lat' dir='ltr'><strong>Balaguer...</strong></span> <span class='ocrx_word' id='word_1_39' title='bbox 727 635 793 676; x_wconf 89' lang='lat'><strong>14.</strong></span> <span class='ocrx_word' id='word_1_40' title='bbox 826 624 965 665; x_wconf 76' lang='lat' dir='ltr'><strong>Entre</strong></span> <span class='ocrx_word' id='word_1_41' title='bbox 992 637 1050 666; x_wconf 92' lang='lat' dir='ltr'><strong>en</strong></span> <span class='ocrx_word' id='word_1_42' title='bbox 1077 621 1122 664; x_wconf 91' lang='lat' dir='ltr'><strong>la</strong></span> <span class='ocrx_word' id='word_1_43' title='bbox 1149 622 1397 677; x_wconf 78' lang='lat' dir='ltr'><strong>Compafiia</strong></span> <span class='ocrx_word' id='word_1_44' title='bbox 1423 621 1603 664; x_wconf 90' lang='lat' dir='ltr'><strong>movido</strong></span> <span class='ocrx_word' id='word_1_45' title='bbox 1630 635 1714 677; x_wconf 92' lang='lat' dir='ltr'><strong>por</strong></span> <span class='ocrx_word' id='word_1_46' title='bbox 1744 622 1843 664; x_wconf 87' lang='lat' dir='ltr'><strong>solo</strong></span> 
     </span>
     <span class='ocr_line' id='line_1_8' title="bbox 216 680 1838 737; baseline -0.001 -13"><span class='ocrx_word' id='word_1_47' title='bbox 216 681 344 732; x_wconf 87' lang='lat' dir='ltr'><strong>Dios,</strong></span> <span class='ocrx_word' id='word_1_48' title='bbox 370 696 399 737; x_wconf 91' lang='lat' dir='ltr'>y</span> <span class='ocrx_word' id='word_1_49' title='bbox 421 696 528 737; x_wconf 91' lang='lat' dir='ltr'><strong>para</strong></span> <span class='ocrx_word' id='word_1_50' title='bbox 549 681 748 725; x_wconf 90' lang='lat' dir='ltr'><strong>servirle.</strong></span> <span class='ocrx_word' id='word_1_51' title='bbox 774 681 1034 725; x_wconf 82' lang='lat' dir='ltr'><strong>Recibiome</strong></span> <span class='ocrx_word' id='word_1_52' title='bbox 1054 681 1097 723; x_wconf 92' lang='lat' dir='ltr'><strong>el</strong></span> <span class='ocrx_word' id='word_1_53' title='bbox 1119 682 1172 723; x_wconf 90' lang='lat' dir='ltr'><strong>P.</strong></span> <span class='ocrx_word' id='word_1_54' title='bbox 1200 680 1402 736; x_wconf 85' lang='lat' dir='ltr'>Baptista</span> <span class='ocrx_word' id='word_1_55' title='bbox 1419 681 1475 723; x_wconf 92' lang='lat' dir='ltr'><strong>de</strong></span> <span class='ocrx_word' id='word_1_56' title='bbox 1493 682 1655 723; x_wconf 87' lang='lat' dir='ltr'><strong>Barma</strong></span> <span class='ocrx_word' id='word_1_57' title='bbox 1671 695 1728 723; x_wconf 90' lang='lat' dir='ltr'><strong>en</strong></span> <span class='ocrx_word' id='word_1_58' title='bbox 1747 682 1838 723; x_wconf 89' lang='lat' dir='ltr'><strong>Va-</strong></span> 
     </span>
     <span class='ocr_line' id='line_1_9' title="bbox 216 739 1842 796; baseline -0.001 -13"><span class='ocrx_word' id='word_1_59' title='bbox 216 741 414 784; x_wconf 90' lang='lat' dir='ltr'><strong>lencia...</strong></span> <span class='ocrx_word' id='word_1_60' title='bbox 443 742 509 783; x_wconf 89' lang='lat'><strong>16.</strong></span> <span class='ocrx_word' id='word_1_61' title='bbox 536 742 606 784; x_wconf 88' lang='lat' dir='ltr'><strong>Va</strong></span> <span class='ocrx_word' id='word_1_62' title='bbox 627 755 709 796; x_wconf 92' lang='lat' dir='ltr'><strong>por</strong></span> <span class='ocrx_word' id='word_1_63' title='bbox 731 741 756 783; x_wconf 90' lang='lat'>8</span> <span class='ocrx_word' id='word_1_64' title='bbox 773 747 884 784; x_wconf 80' lang='grc'><strong>3303</strong></span> <span class='ocrx_word' id='word_1_65' title='bbox 906 754 994 795; x_wconf 92' lang='lat' dir='ltr'><strong>que</strong></span> <span class='ocrx_word' id='word_1_66' title='bbox 1015 742 1143 782; x_wconf 81' lang='lat' dir='ltr'><strong>entre</strong></span> <span class='ocrx_word' id='word_1_67' title='bbox 1170 755 1226 783; x_wconf 91' lang='lat' dir='ltr'><strong>en</strong></span> <span class='ocrx_word' id='word_1_68' title='bbox 1254 741 1296 783; x_wconf 91' lang='lat' dir='ltr'><strong>la</strong></span> <span class='ocrx_word' id='word_1_69' title='bbox 1323 739 1629 795; x_wconf 79' lang='lat' dir='ltr'><strong>Compafiia...</strong></span> <span class='ocrx_word' id='word_1_70' title='bbox 1671 752 1735 796; x_wconf 82' lang='lat'><strong>19.</strong></span> <span class='ocrx_word' id='word_1_71' title='bbox 1768 741 1842 783; x_wconf 94' lang='lat' dir='ltr'><strong>No</strong></span> 
     </span>
     <span class='ocr_line' id='line_1_10' title="bbox 215 797 1841 856; baseline 0 -14"><span class='ocrx_word' id='word_1_72' title='bbox 215 799 317 842; x_wconf 87' lang='lat' dir='ltr'><strong>hize</strong></span> <span class='ocrx_word' id='word_1_73' title='bbox 340 807 438 842; x_wconf 91' lang='lat' dir='ltr'><strong>otra</strong></span> <span class='ocrx_word' id='word_1_74' title='bbox 459 800 703 856; x_wconf 83' lang='lat' dir='ltr'><strong>probacion</strong></span> <span class='ocrx_word' id='word_1_75' title='bbox 724 799 823 842; x_wconf 91' lang='lat' dir='ltr'><strong>sino</strong></span> <span class='ocrx_word' id='word_1_76' title='bbox 845 806 965 844; x_wconf 90' lang='lat' dir='ltr'><strong>estar</strong></span> <span class='ocrx_word' id='word_1_77' title='bbox 987 811 1042 842; x_wconf 92' lang='lat'><strong>22</strong></span> <span class='ocrx_word' id='word_1_78' title='bbox 1059 800 1156 841; x_wconf 88' lang='lat' dir='ltr'><strong>dias</strong></span> <span class='ocrx_word' id='word_1_79' title='bbox 1177 813 1234 841; x_wconf 89' lang='lat' dir='ltr'><strong>en</strong></span> <span class='ocrx_word' id='word_1_80' title='bbox 1255 799 1298 840; x_wconf 90' lang='grc'><strong>13</strong></span> <span class='ocrx_word' id='word_1_81' title='bbox 1325 797 1494 851; x_wconf 88' lang='grc'><strong>603133,</strong></span> <span class='ocrx_word' id='word_1_82' title='bbox 1527 798 1573 840; x_wconf 91' lang='grc'><strong>31</strong></span> <span class='ocrx_word' id='word_1_83' title='bbox 1601 805 1760 842; x_wconf 92' lang='lat' dir='ltr'><strong>estuve</strong></span> <span class='ocrx_word' id='word_1_84' title='bbox 1782 814 1841 842; x_wconf 90' lang='lat' dir='ltr'><strong>en</strong></span> 
     </span>
     <span class='ocr_line' id='line_1_11' title="bbox 217 856 1844 914; baseline -0.001 -13"><span class='ocrx_word' id='word_1_85' title='bbox 217 872 322 902; x_wconf 88' lang='lat' dir='ltr'><strong>casa</strong></span> <span class='ocrx_word' id='word_1_86' title='bbox 344 859 400 902; x_wconf 93' lang='lat' dir='ltr'><strong>de</strong></span> <span class='ocrx_word' id='word_1_87' title='bbox 423 859 674 914; x_wconf 75' lang='lat' dir='ltr'><strong>probatit&#39;m,</strong></span> <span class='ocrx_word' id='word_1_88' title='bbox 700 866 828 902; x_wconf 91' lang='lat' dir='ltr'><strong>antes</strong></span> <span class='ocrx_word' id='word_1_89' title='bbox 849 859 988 914; x_wconf 86' lang='lat' dir='ltr'><strong>luego</strong></span> <span class='ocrx_word' id='word_1_90' title='bbox 1017 858 1060 900; x_wconf 92' lang='lat' dir='ltr'><strong>al</strong></span> <span class='ocrx_word' id='word_1_91' title='bbox 1086 856 1306 914; x_wconf 88' lang='lat' dir='ltr'><strong>principio</strong></span> <span class='ocrx_word' id='word_1_92' title='bbox 1333 871 1405 899; x_wconf 89' lang='lat' dir='ltr'><strong>me</strong></span> <span class='ocrx_word' id='word_1_93' title='bbox 1427 857 1635 913; x_wconf 91' lang='lat' dir='ltr'><strong>pusieron</strong></span> <span class='ocrx_word' id='word_1_94' title='bbox 1663 872 1719 900; x_wconf 91' lang='lat' dir='ltr'><strong>en</strong></span> <span class='ocrx_word' id='word_1_95' title='bbox 1747 858 1844 901; x_wconf 77' lang='lat' dir='ltr'><strong>leet·</strong></span> 
     </span>
     <span class='ocr_line' id='line_1_12' title="bbox 217 917 1839 974; baseline -0.001 -14"><span class='ocrx_word' id='word_1_96' title='bbox 217 917 480 974; x_wconf 77' lang='lat' dir='ltr'><strong>gramatica,</strong></span> <span class='ocrx_word' id='word_1_97' title='bbox 505 933 534 973; x_wconf 93' lang='lat' dir='ltr'><strong>y</strong></span> <span class='ocrx_word' id='word_1_98' title='bbox 555 919 749 974; x_wconf 78' lang='lat' dir='ltr'><strong>despues</strong></span> <span class='ocrx_word' id='word_1_99' title='bbox 770 932 842 961; x_wconf 88' lang='lat' dir='ltr'><strong>me</strong></span> <span class='ocrx_word' id='word_1_100' title='bbox 863 917 1063 961; x_wconf 90' lang='lat' dir='ltr'><strong>hizieron</strong></span> <span class='ocrx_word' id='word_1_101' title='bbox 1084 918 1336 960; x_wconf 83' lang='lat' dir='ltr'><strong>sacerdote.</strong></span> <span class='ocrx_word' id='word_1_102' title='bbox 1364 929 1436 971; x_wconf 90' lang='lat'><strong>23.</strong></span> <span class='ocrx_word' id='word_1_103' title='bbox 1474 918 1644 959; x_wconf 90' lang='lat' dir='ltr'><strong>Estuve</strong></span> <span class='ocrx_word' id='word_1_104' title='bbox 1666 931 1723 960; x_wconf 92' lang='lat' dir='ltr'><strong>en</strong></span> <span class='ocrx_word' id='word_1_105' title='bbox 1746 918 1839 959; x_wconf 87' lang='lat' dir='ltr'><strong>Va-</strong></span> 
     </span>
     <span class='ocr_line' id='line_1_13' title="bbox 217 975 1839 1032; baseline 0 -13"><span class='ocrx_word' id='word_1_106' title='bbox 217 977 379 1030; x_wconf 89' lang='lat' dir='ltr'><strong>lencia,</strong></span> <span class='ocrx_word' id='word_1_107' title='bbox 405 992 434 1032; x_wconf 92' lang='lat' dir='ltr'><strong>y</strong></span> <span class='ocrx_word' id='word_1_108' title='bbox 459 978 679 1029; x_wconf 88' lang='lat' dir='ltr'><strong>Palermo,</strong></span> <span class='ocrx_word' id='word_1_109' title='bbox 704 992 734 1032; x_wconf 92' lang='lat' dir='ltr'>y</span> <span class='ocrx_word' id='word_1_110' title='bbox 756 977 972 1028; x_wconf 90' lang='lat' dir='ltr'><strong>Monreal‚</strong></span> <span class='ocrx_word' id='word_1_111' title='bbox 1004 976 1179 1019; x_wconf 89' lang='lat' dir='ltr'><strong>adonde</strong></span> <span class='ocrx_word' id='word_1_112' title='bbox 1210 976 1266 1018; x_wconf 90' lang='lat' dir='ltr'><strong>lei</strong></span> <span class='ocrx_word' id='word_1_113' title='bbox 1294 975 1542 1032; x_wconf 79' lang='lat' dir='ltr'><strong>gramatica</strong></span> <span class='ocrx_word' id='word_1_114' title='bbox 1569 982 1656 1018; x_wconf 81' lang='grc'><strong>330</strong></span> <span class='ocrx_word' id='word_1_115' title='bbox 1687 990 1715 1030; x_wconf 89' lang='lat' dir='ltr'>y</span> <span class='ocrx_word' id='word_1_116' title='bbox 1743 990 1839 1019; x_wconf 82' lang='lat' dir='ltr'><strong>me-</strong></span> 
     </span>
     <span class='ocr_line' id='line_1_14' title="bbox 217 1035 1843 1092; baseline -0.001 -14"><span class='ocrx_word' id='word_1_117' title='bbox 217 1036 309 1090; x_wconf 89' lang='lat' dir='ltr'><strong>dio,</strong></span> <span class='ocrx_word' id='word_1_118' title='bbox 334 1051 363 1092; x_wconf 91' lang='lat' dir='ltr'>y</span> <span class='ocrx_word' id='word_1_119' title='bbox 380 1036 574 1092; x_wconf 80' lang='lat' dir='ltr'><strong>despues</strong></span> <span class='ocrx_word' id='word_1_120' title='bbox 600 1050 682 1092; x_wconf 90' lang='lat' dir='ltr'><strong>por</strong></span> <span class='ocrx_word' id='word_1_121' title='bbox 710 1036 817 1079; x_wconf 85' lang='lat' dir='ltr'><strong>salta</strong></span> <span class='ocrx_word' id='word_1_122' title='bbox 843 1036 900 1080; x_wconf 92' lang='lat' dir='ltr'><strong>de</strong></span> <span class='ocrx_word' id='word_1_123' title='bbox 927 1043 1075 1078; x_wconf 88' lang='lat' dir='ltr'><strong>rector</strong></span> <span class='ocrx_word' id='word_1_124' title='bbox 1097 1041 1208 1078; x_wconf 90' lang='lat' dir='ltr'><strong>tuue</strong></span> <span class='ocrx_word' id='word_1_125' title='bbox 1237 1049 1376 1091; x_wconf 85' lang='lat' dir='ltr'><strong>cargo</strong></span> <span class='ocrx_word' id='word_1_126' title='bbox 1404 1035 1461 1077; x_wconf 90' lang='grc'><strong>(16</strong></span> <span class='ocrx_word' id='word_1_127' title='bbox 1487 1035 1664 1090; x_wconf 91' lang='lat' dir='ltr'><strong>aquella</strong></span> <span class='ocrx_word' id='word_1_128' title='bbox 1686 1048 1788 1077; x_wconf 90' lang='lat' dir='ltr'><strong>casa</strong></span> <span class='ocrx_word' id='word_1_129' title='bbox 1813 1035 1843 1076; x_wconf 83' lang='lat'>6</span> 
     </span>
     <span class='ocr_line' id='line_1_15' title="bbox 218 1095 1841 1150; baseline -0.001 -13"><span class='ocrx_word' id='word_1_130' title='bbox 218 1109 380 1139; x_wconf 88' lang='lat' dir='ltr'><strong>meses:</strong></span> <span class='ocrx_word' id='word_1_131' title='bbox 411 1095 607 1150; x_wconf 77' lang='lat' dir='ltr'><strong>despues</strong></span> <span class='ocrx_word' id='word_1_132' title='bbox 634 1095 739 1139; x_wconf 89' lang='lat' dir='ltr'><strong>vine</strong></span> <span class='ocrx_word' id='word_1_133' title='bbox 766 1099 792 1138; x_wconf 98' lang='grc'><strong>3</strong></span> <span class='ocrx_word' id='word_1_134' title='bbox 821 1095 1084 1147; x_wconf 84' lang='lat' dir='ltr'><strong>Barcelona,</strong></span> <span class='ocrx_word' id='word_1_135' title='bbox 1114 1095 1308 1150; x_wconf 79' lang='lat' dir='ltr'><strong>despues</strong></span> <span class='ocrx_word' id='word_1_136' title='bbox 1335 1101 1494 1138; x_wconf 88' lang='lat' dir='ltr'><strong>estuve</strong></span> <span class='ocrx_word' id='word_1_137' title='bbox 1522 1108 1579 1136; x_wconf 92' lang='lat' dir='ltr'><strong>en</strong></span> <span class='ocrx_word' id='word_1_138' title='bbox 1607 1095 1841 1150; x_wconf 72' lang='lat' dir='ltr'><strong>Caragoca</strong></span> 
     </span>
     <span class='ocr_line' id='line_1_16' title="bbox 226 1153 1843 1210; baseline -0.001 -14"><span class='ocrx_word' id='word_1_139' title='bbox 226 1155 277 1197; x_wconf 87' lang='lat'><strong>16</strong></span> <span class='ocrx_word' id='word_1_140' title='bbox 298 1169 459 1208; x_wconf 91' lang='lat' dir='ltr'><strong>meses,</strong></span> <span class='ocrx_word' id='word_1_141' title='bbox 484 1155 677 1210; x_wconf 81' lang='lat' dir='ltr'><strong>despues</strong></span> <span class='ocrx_word' id='word_1_142' title='bbox 698 1155 818 1197; x_wconf 87' lang='lat' dir='ltr'><strong>bolvi</strong></span> <span class='ocrx_word' id='word_1_143' title='bbox 840 1158 866 1197; x_wconf 92' lang='grc'><strong>3</strong></span> <span class='ocrx_word' id='word_1_144' title='bbox 890 1154 1151 1206; x_wconf 79' lang='lat' dir='ltr'><strong>Barcelona,</strong></span> <span class='ocrx_word' id='word_1_145' title='bbox 1176 1156 1395 1209; x_wconf 84' lang='lat' dir='ltr'><strong>ocupe&#39;me</strong></span> <span class='ocrx_word' id='word_1_146' title='bbox 1411 1168 1469 1196; x_wconf 89' lang='lat' dir='ltr'><strong>en</strong></span> <span class='ocrx_word' id='word_1_147' title='bbox 1492 1153 1701 1196; x_wconf 84' lang='lat' dir='ltr'><strong>confesar</strong></span> <span class='ocrx_word' id='word_1_148' title='bbox 1722 1168 1750 1208; x_wconf 83' lang='lat' dir='ltr'>y</span> <span class='ocrx_word' id='word_1_149' title='bbox 1767 1167 1843 1196; x_wconf 86' lang='lat' dir='ltr'><strong>ser</strong></span> 
     </span>
     <span class='ocr_line' id='line_1_17' title="bbox 220 1211 1838 1271; baseline -0.001 -16"><span class='ocrx_word' id='word_1_150' title='bbox 220 1213 441 1256; x_wconf 89' lang='lat' dir='ltr'><strong>ministro.</strong></span> <span class='ocrx_word' id='word_1_151' title='bbox 467 1211 603 1271; x_wconf 82' lang='lat' dir='ltr'><strong>[Sclz.]</strong></span> <span class='ocrx_word' id='word_1_152' title='bbox 641 1214 701 1257; x_wconf 92' lang='lat' dir='ltr'><strong>Al</strong></span> <span class='ocrx_word' id='word_1_153' title='bbox 736 1227 924 1256; x_wconf 87' lang='lat' dir='ltr'><strong>examen</strong></span> <span class='ocrx_word' id='word_1_154' title='bbox 960 1214 1017 1256; x_wconf 91' lang='lat' dir='ltr'><strong>de</strong></span> <span class='ocrx_word' id='word_1_155' title='bbox 1053 1213 1120 1255; x_wconf 89' lang='lat' dir='ltr'><strong>los</strong></span> <span class='ocrx_word' id='word_1_156' title='bbox 1155 1213 1354 1256; x_wconf 86' lang='lat' dir='ltr'><strong>scolares</strong></span> <span class='ocrx_word' id='word_1_157' title='bbox 1390 1227 1464 1268; x_wconf 91' lang='lat' dir='ltr'><strong>yo,</strong></span> <span class='ocrx_word' id='word_1_158' title='bbox 1498 1214 1615 1270; x_wconf 89' lang='lat' dir='ltr'><strong>Joan</strong></span> <span class='ocrx_word' id='word_1_159' title='bbox 1652 1213 1838 1263; x_wconf 84' lang='lat' dir='ltr'><strong>Rubies,</strong></span> 
     </span>
     <span class='ocr_line' id='line_1_18' title="bbox 220 1271 1838 1328; baseline -0.001 -13"><span class='ocrx_word' id='word_1_160' title='bbox 220 1272 470 1326; x_wconf 86' lang='lat' dir='ltr'><strong>sacerdote,</strong></span> <span class='ocrx_word' id='word_1_161' title='bbox 502 1286 590 1328; x_wconf 91' lang='lat' dir='ltr'><strong>que</strong></span> <span class='ocrx_word' id='word_1_162' title='bbox 617 1273 659 1315; x_wconf 87' lang='lat' dir='ltr'><strong>al</strong></span> <span class='ocrx_word' id='word_1_163' title='bbox 686 1280 894 1328; x_wconf 86' lang='lat' dir='ltr'><strong>presente</strong></span> <span class='ocrx_word' id='word_1_164' title='bbox 920 1271 1099 1316; x_wconf 87' lang='lat' dir='ltr'><strong>estudio</strong></span> <span class='ocrx_word' id='word_1_165' title='bbox 1125 1285 1182 1314; x_wconf 93' lang='lat' dir='ltr'><strong>en</strong></span> <span class='ocrx_word' id='word_1_166' title='bbox 1205 1273 1247 1314; x_wconf 92' lang='lat' dir='ltr'><strong>el</strong></span> <span class='ocrx_word' id='word_1_167' title='bbox 1273 1271 1465 1327; x_wconf 82' lang='lat' dir='ltr'><strong>collegio</strong></span> <span class='ocrx_word' id='word_1_168' title='bbox 1493 1273 1549 1314; x_wconf 89' lang='lat' dir='ltr'><strong>de</strong></span> <span class='ocrx_word' id='word_1_169' title='bbox 1574 1272 1838 1323; x_wconf 88' lang='lat' dir='ltr'><strong>Barcelona,</strong></span> 
     </span>
     <span class='ocr_line' id='line_1_19' title="bbox 218 1330 1841 1388; baseline -0.002 -14"><span class='ocrx_word' id='word_1_170' title='bbox 218 1331 342 1388; x_wconf 86' lang='lat' dir='ltr'><strong>digo‚</strong></span> <span class='ocrx_word' id='word_1_171' title='bbox 368 1345 457 1386; x_wconf 91' lang='lat' dir='ltr'><strong>que</strong></span> <span class='ocrx_word' id='word_1_172' title='bbox 478 1335 503 1375; x_wconf 88' lang='grc'><strong>3</strong></span> <span class='ocrx_word' id='word_1_173' title='bbox 524 1332 567 1374; x_wconf 91' lang='grc'><strong>13</strong></span> <span class='ocrx_word' id='word_1_174' title='bbox 587 1331 778 1388; x_wconf 89' lang='lat' dir='ltr'><strong>primera</strong></span> <span class='ocrx_word' id='word_1_175' title='bbox 798 1338 1038 1388; x_wconf 86' lang='lat' dir='ltr'><strong>pregunta,</strong></span> <span class='ocrx_word' id='word_1_176' title='bbox 1074 1345 1164 1387; x_wconf 90' lang='lat' dir='ltr'><strong>que</strong></span> <span class='ocrx_word' id='word_1_177' title='bbox 1190 1330 1366 1374; x_wconf 77' lang='lat' dir='ltr'><strong>estudie</strong></span> <span class='ocrx_word' id='word_1_178' title='bbox 1393 1345 1541 1375; x_wconf 89' lang='lat' dir='ltr'><strong>nueve</strong></span> <span class='ocrx_word' id='word_1_179' title='bbox 1569 1337 1681 1373; x_wconf 80' lang='grc'><strong>3303</strong></span> <span class='ocrx_word' id='word_1_180' title='bbox 1707 1330 1775 1372; x_wconf 88' lang='grc'><strong>313</strong></span> <span class='ocrx_word' id='word_1_181' title='bbox 1799 1330 1841 1373; x_wconf 89' lang='grc'><strong>61</strong></span> 
     </span>
     <span class='ocr_line' id='line_1_20' title="bbox 221 1389 1838 1447; baseline -0.001 -14"><span class='ocrx_word' id='word_1_182' title='bbox 221 1390 389 1446; x_wconf 89' lang='lat' dir='ltr'><strong>tiempo</strong></span> <span class='ocrx_word' id='word_1_183' title='bbox 410 1405 499 1447; x_wconf 90' lang='lat' dir='ltr'><strong>que</strong></span> <span class='ocrx_word' id='word_1_184' title='bbox 520 1405 631 1446; x_wconf 91' lang='lat' dir='ltr'><strong>puse</strong></span> <span class='ocrx_word' id='word_1_185' title='bbox 653 1406 711 1435; x_wconf 91' lang='lat' dir='ltr'><strong>en</strong></span> <span class='ocrx_word' id='word_1_186' title='bbox 731 1392 950 1447; x_wconf 88' lang='lat' dir='ltr'><strong>aprender</strong></span> <span class='ocrx_word' id='word_1_187' title='bbox 971 1391 1029 1434; x_wconf 93' lang='lat' dir='ltr'><strong>de</strong></span> <span class='ocrx_word' id='word_1_188' title='bbox 1049 1390 1141 1434; x_wconf 91' lang='lat' dir='ltr'><strong>leer</strong></span> <span class='ocrx_word' id='word_1_189' title='bbox 1161 1405 1191 1446; x_wconf 92' lang='lat' dir='ltr'>y</span> <span class='ocrx_word' id='word_1_190' title='bbox 1212 1389 1412 1442; x_wconf 87' lang='lat' dir='ltr'><strong>escrivir‚</strong></span> <span class='ocrx_word' id='word_1_191' title='bbox 1438 1391 1505 1433; x_wconf 85' lang='lat' dir='ltr'><strong>los</strong></span> <span class='ocrx_word' id='word_1_192' title='bbox 1521 1389 1650 1432; x_wconf 93' lang='lat' dir='ltr'><strong>cinco</strong></span> <span class='ocrx_word' id='word_1_193' title='bbox 1673 1390 1838 1444; x_wconf 87' lang='lat' dir='ltr'><strong>prime-</strong></span> 
     </span>
     <span class='ocr_line' id='line_1_21' title="bbox 219 1449 1837 1505; baseline -0.001 -14"><span class='ocrx_word' id='word_1_194' title='bbox 219 1464 293 1492; x_wconf 91' lang='lat' dir='ltr'><strong>ros</strong></span> <span class='ocrx_word' id='word_1_195' title='bbox 314 1464 371 1494; x_wconf 89' lang='lat' dir='ltr'><strong>en</strong></span> <span class='ocrx_word' id='word_1_196' title='bbox 393 1449 624 1502; x_wconf 88' lang='lat' dir='ltr'><strong>latinidad,</strong></span> <span class='ocrx_word' id='word_1_197' title='bbox 650 1464 831 1505; x_wconf 90' lang='lat' dir='ltr'><strong>aunque</strong></span> <span class='ocrx_word' id='word_1_198' title='bbox 853 1450 1020 1494; x_wconf 84' lang='lat' dir='ltr'><strong>saltaua</strong></span> <span class='ocrx_word' id='word_1_199' title='bbox 1042 1451 1108 1493; x_wconf 93' lang='lat' dir='ltr'><strong>los</strong></span> <span class='ocrx_word' id='word_1_200' title='bbox 1130 1464 1339 1503; x_wconf 89' lang='lat' dir='ltr'><strong>veranos,</strong></span> <span class='ocrx_word' id='word_1_201' title='bbox 1358 1463 1388 1504; x_wconf 93' lang='lat' dir='ltr'>y</span> <span class='ocrx_word' id='word_1_202' title='bbox 1404 1456 1502 1492; x_wconf 85' lang='lat' dir='ltr'><strong>esto</strong></span> <span class='ocrx_word' id='word_1_203' title='bbox 1519 1464 1575 1492; x_wconf 87' lang='lat' dir='ltr'><strong>en</strong></span> <span class='ocrx_word' id='word_1_204' title='bbox 1596 1450 1837 1503; x_wconf 75' lang='lat' dir='ltr'><strong>Balaguer.</strong></span> 
     </span>
     <span class='ocr_line' id='line_1_22' title="bbox 219 1507 1837 1565; baseline -0.001 -14"><span class='ocrx_word' id='word_1_205' title='bbox 219 1511 426 1565; x_wconf 76' lang='lat' dir='ltr'><strong>Despues</strong></span> <span class='ocrx_word' id='word_1_206' title='bbox 447 1523 504 1564; x_wconf 94' lang='lat' dir='ltr'><strong>oy</strong></span> <span class='ocrx_word' id='word_1_207' title='bbox 526 1510 568 1552; x_wconf 91' lang='lat' dir='ltr'><strong>el</strong></span> <span class='ocrx_word' id='word_1_208' title='bbox 589 1523 721 1552; x_wconf 87' lang='lat' dir='ltr'><strong>curso</strong></span> <span class='ocrx_word' id='word_1_209' title='bbox 738 1510 795 1553; x_wconf 91' lang='lat' dir='ltr'><strong>de</strong></span> <span class='ocrx_word' id='word_1_210' title='bbox 814 1510 880 1552; x_wconf 91' lang='grc'><strong>133</strong></span> <span class='ocrx_word' id='word_1_211' title='bbox 897 1516 1016 1552; x_wconf 90' lang='lat' dir='ltr'><strong>artes</strong></span> <span class='ocrx_word' id='word_1_212' title='bbox 1033 1524 1090 1554; x_wconf 91' lang='lat' dir='ltr'><strong>en</strong></span> <span class='ocrx_word' id='word_1_213' title='bbox 1109 1509 1372 1560; x_wconf 88' lang='lat' dir='ltr'><strong>Barcelona‚</strong></span> <span class='ocrx_word' id='word_1_214' title='bbox 1394 1508 1455 1550; x_wconf 79' lang='lat' dir='ltr'><strong>fui</strong></span> <span class='ocrx_word' id='word_1_215' title='bbox 1475 1523 1582 1563; x_wconf 90' lang='lat' dir='ltr'><strong>muy</strong></span> <span class='ocrx_word' id='word_1_216' title='bbox 1600 1507 1837 1560; x_wconf 88' lang='lat' dir='ltr'><strong>continuo,</strong></span> 
     </span>
     <span class='ocr_line' id='line_1_23' title="bbox 217 1567 1836 1624; baseline -0.001 -15"><span class='ocrx_word' id='word_1_217' title='bbox 217 1583 247 1624; x_wconf 94' lang='lat' dir='ltr'>y</span> <span class='ocrx_word' id='word_1_218' title='bbox 270 1568 311 1609; x_wconf 90' lang='grc'><strong>31</strong></span> <span class='ocrx_word' id='word_1_219' title='bbox 338 1568 400 1610; x_wconf 91' lang='lat' dir='ltr'><strong>fin</strong></span> <span class='ocrx_word' id='word_1_220' title='bbox 422 1569 495 1611; x_wconf 90' lang='lat' dir='ltr'><strong>del</strong></span> <span class='ocrx_word' id='word_1_221' title='bbox 516 1569 723 1623; x_wconf 82' lang='lat' dir='ltr'><strong>segundo</strong></span> <span class='ocrx_word' id='word_1_222' title='bbox 745 1575 833 1611; x_wconf 81' lang='lat' dir='ltr'><strong>afio</strong></span> <span class='ocrx_word' id='word_1_223' title='bbox 860 1569 934 1613; x_wconf 90' lang='lat' dir='ltr'><strong>del</strong></span> <span class='ocrx_word' id='word_1_224' title='bbox 960 1582 1094 1612; x_wconf 91' lang='lat' dir='ltr'><strong>curso</strong></span> <span class='ocrx_word' id='word_1_225' title='bbox 1126 1571 1246 1611; x_wconf 82' lang='lat' dir='ltr'><strong>tome</strong></span> <span class='ocrx_word' id='word_1_226' title='bbox 1274 1568 1315 1611; x_wconf 92' lang='lat' dir='ltr'><strong>el</strong></span> <span class='ocrx_word' id='word_1_227' title='bbox 1347 1568 1491 1623; x_wconf 86' lang='lat' dir='ltr'><strong>grado</strong></span> <span class='ocrx_word' id='word_1_228' title='bbox 1520 1568 1577 1611; x_wconf 93' lang='lat' dir='ltr'><strong>de</strong></span> <span class='ocrx_word' id='word_1_229' title='bbox 1605 1567 1836 1609; x_wconf 86' lang='lat' dir='ltr'><strong>bachiller:</strong></span> 
     </span>
     <span class='ocr_line' id='line_1_24' title="bbox 217 1626 1840 1682; baseline -0.001 -13"><span class='ocrx_word' id='word_1_230' title='bbox 217 1628 411 1682; x_wconf 81' lang='lat' dir='ltr'><strong>despues</strong></span> <span class='ocrx_word' id='word_1_231' title='bbox 443 1627 618 1671; x_wconf 77' lang='lat' dir='ltr'><strong>estudie</strong></span> <span class='ocrx_word' id='word_1_232' title='bbox 647 1643 705 1672; x_wconf 89' lang='lat' dir='ltr'><strong>en</strong></span> <span class='ocrx_word' id='word_1_233' title='bbox 733 1627 948 1671; x_wconf 87' lang='lat' dir='ltr'><strong>Valencia</strong></span> <span class='ocrx_word' id='word_1_234' title='bbox 977 1642 1038 1671; x_wconf 90' lang='lat' dir='ltr'><strong>un</strong></span> <span class='ocrx_word' id='word_1_235' title='bbox 1065 1634 1152 1670; x_wconf 78' lang='grc'><strong>330</strong></span> <span class='ocrx_word' id='word_1_236' title='bbox 1178 1627 1236 1671; x_wconf 89' lang='grc'><strong>(16</strong></span> <span class='ocrx_word' id='word_1_237' title='bbox 1265 1627 1507 1682; x_wconf 81' lang='lat' dir='ltr'><strong>theologia,</strong></span> <span class='ocrx_word' id='word_1_238' title='bbox 1539 1642 1566 1681; x_wconf 90' lang='lat' dir='ltr'>y</span> <span class='ocrx_word' id='word_1_239' title='bbox 1597 1626 1702 1668; x_wconf 92' lang='lat' dir='ltr'><strong>todo</strong></span> <span class='ocrx_word' id='word_1_240' title='bbox 1739 1634 1840 1668; x_wconf 86' lang='lat' dir='ltr'><strong>esto</strong></span> 
     </span>
     <span class='ocr_line' id='line_1_25' title="bbox 218 1685 1841 1743; baseline -0.002 -13"><span class='ocrx_word' id='word_1_241' title='bbox 218 1694 347 1730; x_wconf 88' lang='lat' dir='ltr'><strong>antes</strong></span> <span class='ocrx_word' id='word_1_242' title='bbox 368 1687 425 1730; x_wconf 91' lang='lat' dir='ltr'><strong>de</strong></span> <span class='ocrx_word' id='word_1_243' title='bbox 446 1693 598 1730; x_wconf 85' lang='lat' dir='ltr'><strong>entrar</strong></span> <span class='ocrx_word' id='word_1_244' title='bbox 618 1701 675 1731; x_wconf 90' lang='lat' dir='ltr'><strong>en</strong></span> <span class='ocrx_word' id='word_1_245' title='bbox 695 1687 739 1730; x_wconf 91' lang='grc'><strong>13</strong></span> <span class='ocrx_word' id='word_1_246' title='bbox 759 1687 1025 1743; x_wconf 77' lang='lat' dir='ltr'><strong>Compafiia.</strong></span> <span class='ocrx_word' id='word_1_247' title='bbox 1046 1688 1252 1742; x_wconf 82' lang='lat' dir='ltr'><strong>Despues</strong></span> <span class='ocrx_word' id='word_1_248' title='bbox 1268 1686 1326 1730; x_wconf 87' lang='grc'><strong>(16</strong></span> <span class='ocrx_word' id='word_1_249' title='bbox 1342 1687 1531 1730; x_wconf 89' lang='lat' dir='ltr'><strong>entrado</strong></span> <span class='ocrx_word' id='word_1_250' title='bbox 1547 1688 1653 1728; x_wconf 82' lang='lat' dir='ltr'><strong>avre</strong></span> <span class='ocrx_word' id='word_1_251' title='bbox 1677 1685 1794 1740; x_wconf 87' lang='lat' dir='ltr'><strong>oydo</strong></span> <span class='ocrx_word' id='word_1_252' title='bbox 1812 1698 1841 1737; x_wconf 97' lang='lat'>4</span> 
     </span>
     <span class='ocr_line' id='line_1_26' title="bbox 219 1744 1844 1803; baseline 0 -16"><span class='ocrx_word' id='word_1_253' title='bbox 219 1760 367 1789; x_wconf 88' lang='lat' dir='ltr'><strong>meses</strong></span> <span class='ocrx_word' id='word_1_254' title='bbox 389 1749 415 1787; x_wconf 89' lang='grc'><strong>3</strong></span> <span class='ocrx_word' id='word_1_255' title='bbox 436 1745 689 1789; x_wconf 90' lang='lat' dir='ltr'><strong>remiendos</strong></span> <span class='ocrx_word' id='word_1_256' title='bbox 709 1746 766 1789; x_wconf 88' lang='lat' dir='ltr'><strong>de</strong></span> <span class='ocrx_word' id='word_1_257' title='bbox 787 1747 1017 1803; x_wconf 82' lang='lat' dir='ltr'><strong>theologia</strong></span> <span class='ocrx_word' id='word_1_258' title='bbox 1039 1762 1096 1790; x_wconf 91' lang='lat' dir='ltr'><strong>en</strong></span> <span class='ocrx_word' id='word_1_259' title='bbox 1119 1746 1419 1789; x_wconf 87' lang='lat' dir='ltr'><strong>Barcelona...</strong></span> <span class='ocrx_word' id='word_1_260' title='bbox 1447 1746 1489 1788; x_wconf 88' lang='lat'><strong>6.</strong></span> <span class='ocrx_word' id='word_1_261' title='bbox 1512 1745 1604 1801; x_wconf 88' lang='lat' dir='ltr'><strong>Soy</strong></span> <span class='ocrx_word' id='word_1_262' title='bbox 1625 1744 1844 1787; x_wconf 86' lang='lat' dir='ltr'><strong>bachiller</strong></span> 
     </span>
     <span class='ocr_line' id='line_1_27' title="bbox 221 1804 930 1864; baseline 0.001 -16"><span class='ocrx_word' id='word_1_263' title='bbox 221 1819 278 1848; x_wconf 92' lang='lat' dir='ltr'><strong>en</strong></span> <span class='ocrx_word' id='word_1_264' title='bbox 302 1812 430 1847; x_wconf 87' lang='lat' dir='ltr'><strong>artes.</strong></span> <span class='ocrx_word' id='word_1_265' title='bbox 461 1806 548 1860; x_wconf 91' lang='lat' dir='ltr'><strong>[III,</strong></span> <span class='ocrx_word' id='word_1_266' title='bbox 581 1817 676 1857; x_wconf 87' lang='grc'><strong>110,</strong></span> <span class='ocrx_word' id='word_1_267' title='bbox 708 1817 805 1859; x_wconf 90' lang='grc'><strong>111,</strong></span> <span class='ocrx_word' id='word_1_268' title='bbox 835 1804 930 1864; x_wconf 89' lang='grc'><strong>117]</strong></span> 
     </span>
    </p>

    <p class='ocr_par' dir='ltr' id='par_1_5' title="bbox 218 1862 1843 2335">
     <span class='ocr_line' id='line_1_28' title="bbox 316 1862 1837 1920; baseline -0.002 -14"><span class='ocrx_word' id='word_1_269' title='bbox 316 1876 352 1906; x_wconf 94' lang='lat'><strong>1.</strong></span> <span class='ocrx_word' id='word_1_270' title='bbox 411 1863 539 1920; x_wconf 83' lang='lat' dir='ltr'><strong>Juan</strong></span> <span class='ocrx_word' id='word_1_271' title='bbox 578 1864 871 1920; x_wconf 89' lang='lat' dir='ltr'><strong>evangelista,</strong></span> <span class='ocrx_word' id='word_1_272' title='bbox 910 1866 966 1908; x_wconf 90' lang='lat' dir='ltr'><strong>de</strong></span> <span class='ocrx_word' id='word_1_273' title='bbox 1003 1863 1093 1920; x_wconf 89' lang='lat' dir='ltr'><strong>pila</strong></span> <span class='ocrx_word' id='word_1_274' title='bbox 1118 1866 1147 1916; x_wconf 74' lang='grc' dir='ltr'><strong>ι;</strong></span> <span class='ocrx_word' id='word_1_275' title='bbox 1186 1863 1511 1907; x_wconf 88' lang='lat' dir='ltr'><strong>sobrenombre</strong></span> <span class='ocrx_word' id='word_1_276' title='bbox 1547 1862 1837 1904; x_wconf 73' lang='lat' dir='ltr'><strong>salamanca.</strong></span> 
     </span>
     <span class='ocr_line' id='line_1_29' title="bbox 222 1922 1841 1980; baseline -0.002 -15"><span class='ocrx_word' id='word_1_277' title='bbox 222 1934 263 1965; x_wconf 95' lang='lat'><strong>2.</strong></span> <span class='ocrx_word' id='word_1_278' title='bbox 290 1924 360 1966; x_wconf 89' lang='lat' dir='ltr'><strong>De</strong></span> <span class='ocrx_word' id='word_1_279' title='bbox 380 1922 531 1966; x_wconf 89' lang='lat' dir='ltr'><strong>veinte</strong></span> <span class='ocrx_word' id='word_1_280' title='bbox 554 1930 650 1967; x_wconf 86' lang='lat' dir='ltr'><strong>asta</strong></span> <span class='ocrx_word' id='word_1_281' title='bbox 671 1937 792 1967; x_wconf 83' lang='lat' dir='ltr'>XXIII</span> <span class='ocrx_word' id='word_1_282' title='bbox 815 1930 929 1967; x_wconf 79' lang='grc'><strong>3303</strong></span> <span class='ocrx_word' id='word_1_283' title='bbox 950 1937 1064 1980; x_wconf 92' lang='lat' dir='ltr'><strong>poco</strong></span> <span class='ocrx_word' id='word_1_284' title='bbox 1085 1927 1181 1966; x_wconf 86' lang='grc'><strong>1333</strong></span> <span class='ocrx_word' id='word_1_285' title='bbox 1202 1927 1230 1966; x_wconf 88' lang='grc' dir='ltr'>ό</span> <span class='ocrx_word' id='word_1_286' title='bbox 1251 1937 1422 1966; x_wconf 89' lang='lat' dir='ltr'><strong>menos.</strong></span> <span class='ocrx_word' id='word_1_287' title='bbox 1451 1935 1491 1976; x_wconf 87' lang='lat'><strong>3.</strong></span> <span class='ocrx_word' id='word_1_288' title='bbox 1518 1923 1587 1965; x_wconf 93' lang='lat' dir='ltr'><strong>De</strong></span> <span class='ocrx_word' id='word_1_289' title='bbox 1605 1922 1841 1966; x_wconf 87' lang='lat' dir='ltr'><strong>Salaman—</strong></span> 
     </span>
     <span class='ocr_line' id='line_1_30' title="bbox 220 1980 1842 2036; baseline -0.001 -12"><span class='ocrx_word' id='word_1_290' title='bbox 220 1995 288 2032; x_wconf 88' lang='grc'><strong>63,</strong></span> <span class='ocrx_word' id='word_1_291' title='bbox 314 1982 492 2025; x_wconf 87' lang='lat' dir='ltr'><strong>natural</strong></span> <span class='ocrx_word' id='word_1_292' title='bbox 513 1983 570 2024; x_wconf 93' lang='lat' dir='ltr'><strong>de</strong></span> <span class='ocrx_word' id='word_1_293' title='bbox 605 1983 648 2025; x_wconf 94' lang='lat' dir='ltr'><strong>la</strong></span> <span class='ocrx_word' id='word_1_294' title='bbox 683 1982 842 2026; x_wconf 90' lang='lat' dir='ltr'><strong>misma</strong></span> <span class='ocrx_word' id='word_1_295' title='bbox 877 1983 1094 2026; x_wconf 88' lang='lat' dir='ltr'><strong>ciudad...</strong></span> <span class='ocrx_word' id='word_1_296' title='bbox 1133 1983 1198 2025; x_wconf 88' lang='lat'><strong>16.</strong></span> <span class='ocrx_word' id='word_1_297' title='bbox 1240 1983 1364 2025; x_wconf 81' lang='lat' dir='ltr'><strong>Avra</strong></span> <span class='ocrx_word' id='word_1_298' title='bbox 1392 1995 1481 2036; x_wconf 90' lang='lat' dir='ltr'><strong>que</strong></span> <span class='ocrx_word' id='word_1_299' title='bbox 1508 1983 1636 2023; x_wconf 82' lang='lat' dir='ltr'><strong>entre‘</strong></span> <span class='ocrx_word' id='word_1_300' title='bbox 1673 1994 1779 2036; x_wconf 89' lang='lat' dir='ltr'><strong>para</strong></span> <span class='ocrx_word' id='word_1_301' title='bbox 1800 1980 1842 2023; x_wconf 92' lang='lat' dir='ltr'><strong>el</strong></span> 
     </span>
     <span class='ocr_line' id='line_1_31' title="bbox 220 2039 1842 2097; baseline -0.001 -15"><span class='ocrx_word' id='word_1_302' title='bbox 220 2040 350 2083; x_wconf 86' lang='lat' dir='ltr'><strong>Abril</strong></span> <span class='ocrx_word' id='word_1_303' title='bbox 373 2040 503 2084; x_wconf 91' lang='grc'><strong>61360</strong></span> <span class='ocrx_word' id='word_1_304' title='bbox 527 2047 690 2084; x_wconf 75' lang='lat' dir='ltr'><strong>anos...</strong></span> <span class='ocrx_word' id='word_1_305' title='bbox 717 2043 800 2085; x_wconf 88' lang='lat' dir='ltr'><strong>Fui</strong></span> <span class='ocrx_word' id='word_1_306' title='bbox 830 2042 1052 2085; x_wconf 87' lang='lat' dir='ltr'><strong>mandado</strong></span> <span class='ocrx_word' id='word_1_307' title='bbox 1079 2040 1243 2084; x_wconf 86' lang='lat' dir='ltr'><strong>recibir</strong></span> <span class='ocrx_word' id='word_1_308' title='bbox 1264 2056 1342 2097; x_wconf 91' lang='lat' dir='ltr'><strong>por</strong></span> <span class='ocrx_word' id='word_1_309' title='bbox 1370 2041 1412 2084; x_wconf 90' lang='lat' dir='ltr'><strong>el</strong></span> <span class='ocrx_word' id='word_1_310' title='bbox 1436 2042 1488 2083; x_wconf 90' lang='lat' dir='ltr'><strong>P.</strong></span> <span class='ocrx_word' id='word_1_311' title='bbox 1515 2041 1550 2083; x_wconf 90' lang='lat' dir='ltr'>F</span> <span class='ocrx_word' id='word_1_312' title='bbox 1554 2039 1775 2090; x_wconf 89' lang='lat' dir='ltr'><strong>rancisco,</strong></span> <span class='ocrx_word' id='word_1_313' title='bbox 1800 2040 1842 2081; x_wconf 90' lang='lat' dir='ltr'><strong>el</strong></span> 
     </span>
     <span class='ocr_line' id='line_1_32' title="bbox 221 2099 1843 2152; baseline -0.002 -9"><span class='ocrx_word' id='word_1_314' title='bbox 221 2100 366 2143; x_wconf 91' lang='lat' dir='ltr'><strong>Padre</strong></span> <span class='ocrx_word' id='word_1_315' title='bbox 387 2101 518 2142; x_wconf 89' lang='lat' dir='ltr'><strong>dotor</strong></span> <span class='ocrx_word' id='word_1_316' title='bbox 540 2101 704 2152; x_wconf 81' lang='lat' dir='ltr'><strong>Araoz,</strong></span> <span class='ocrx_word' id='word_1_317' title='bbox 724 2101 766 2144; x_wconf 91' lang='grc'><strong>61</strong></span> <span class='ocrx_word' id='word_1_318' title='bbox 788 2102 838 2144; x_wconf 91' lang='grc' dir='ltr'><strong>Ρ.</strong></span> <span class='ocrx_word' id='word_1_319' title='bbox 868 2100 1035 2144; x_wconf 89' lang='lat' dir='ltr'><strong>Carillo</strong></span> <span class='ocrx_word' id='word_1_320' title='bbox 1056 2115 1128 2144; x_wconf 91' lang='lat' dir='ltr'><strong>me</strong></span> <span class='ocrx_word' id='word_1_321' title='bbox 1156 2100 1324 2143; x_wconf 82' lang='lat' dir='ltr'><strong>recibio</strong></span> <span class='ocrx_word' id='word_1_322' title='bbox 1346 2115 1403 2144; x_wconf 90' lang='lat' dir='ltr'><strong>en</strong></span> <span class='ocrx_word' id='word_1_323' title='bbox 1426 2099 1639 2142; x_wconf 78' lang='lat' dir='ltr'><strong>Alcala...</strong></span> <span class='ocrx_word' id='word_1_324' title='bbox 1673 2110 1743 2142; x_wconf 88' lang='lat'><strong>22.</strong></span> <span class='ocrx_word' id='word_1_325' title='bbox 1771 2099 1843 2141; x_wconf 95' lang='lat' dir='ltr'><strong>No</strong></span> 
     </span>
     <span class='ocr_line' id='line_1_33' title="bbox 219 2158 1842 2218; baseline -0.001 -17"><span class='ocrx_word' id='word_1_326' title='bbox 219 2165 360 2215; x_wconf 85' lang='lat' dir='ltr'><strong>tengo</strong></span> <span class='ocrx_word' id='word_1_327' title='bbox 382 2160 605 2202; x_wconf 84' lang='lat' dir='ltr'><strong>hordenes</strong></span> <span class='ocrx_word' id='word_1_328' title='bbox 628 2158 738 2218; x_wconf 80' lang='lat' dir='ltr'><strong>[sic].</strong></span> <span class='ocrx_word' id='word_1_329' title='bbox 765 2171 836 2214; x_wconf 88' lang='lat'><strong>23.</strong></span> <span class='ocrx_word' id='word_1_330' title='bbox 863 2161 932 2203; x_wconf 93' lang='lat' dir='ltr'><strong>En</strong></span> <span class='ocrx_word' id='word_1_331' title='bbox 954 2160 1112 2203; x_wconf 89' lang='grc' dir='ltr'><strong>Α16313</strong></span> <span class='ocrx_word' id='word_1_332' title='bbox 1133 2160 1370 2214; x_wconf 87' lang='lat' dir='ltr'><strong>coadjutor</strong></span> <span class='ocrx_word' id='word_1_333' title='bbox 1386 2159 1460 2201; x_wconf 91' lang='lat' dir='ltr'><strong>del</strong></span> <span class='ocrx_word' id='word_1_334' title='bbox 1481 2159 1746 2201; x_wconf 87' lang='lat' dir='ltr'><strong>enfermero.</strong></span> <span class='ocrx_word' id='word_1_335' title='bbox 1774 2158 1842 2199; x_wconf 89' lang='lat' dir='ltr'><strong>En</strong></span> 
     </span>
     <span class='ocr_line' id='line_1_34' title="bbox 218 2216 1839 2285; baseline -0.001 -25"><span class='ocrx_word' id='word_1_336' title='bbox 218 2218 454 2275; x_wconf 70' lang='lat' dir='ltr'><strong>Caragoca</strong></span> <span class='ocrx_word' id='word_1_337' title='bbox 475 2225 673 2285; x_wconf 84' lang='lat' dir='ltr'><strong>portero,</strong></span> <span class='ocrx_word' id='word_1_338' title='bbox 683 2218 938 2263; x_wconf 84' lang='lat' dir='ltr'><strong>‘cocinero..</strong></span> <span class='ocrx_word' id='word_1_339' title='bbox 949 2226 1071 2262; x_wconf 89' lang='lat' dir='ltr'><strong>.ete.</strong></span> <span class='ocrx_word' id='word_1_340' title='bbox 1092 2220 1160 2261; x_wconf 91' lang='lat' dir='ltr'><strong>En</strong></span> <span class='ocrx_word' id='word_1_341' title='bbox 1185 2218 1627 2270; x_wconf 75' lang='lat' dir='ltr'><strong>Balencia,Gand1a‚</strong></span> <span class='ocrx_word' id='word_1_342' title='bbox 1648 2216 1839 2267; x_wconf 72' lang='lat' dir='ltr'><strong>Murcia,</strong></span> 
     </span>
     <span class='ocr_line' id='line_1_35' title="bbox 220 2277 986 2335; baseline 0.003 -16"><span class='ocrx_word' id='word_1_343' title='bbox 220 2277 396 2320; x_wconf 90' lang='lat' dir='ltr'><strong>adonde</strong></span> <span class='ocrx_word' id='word_1_344' title='bbox 418 2277 986 2335; x_wconf 74' lang='lat' dir='ltr'><strong>estoi.[111,194b1S,105]</strong></span> 
     </span>
    </p>

    <p class='ocr_par' dir='ltr' id='par_1_6' title="bbox 217 2335 1849 2980">
     <span class='ocr_line' id='line_1_36' title="bbox 308 2335 1844 2394; baseline -0.003 -15"><span class='ocrx_word' id='word_1_345' title='bbox 308 2337 383 2379; x_wconf 91' lang='lat' dir='ltr'><strong>Ad</strong></span> <span class='ocrx_word' id='word_1_346' title='bbox 406 2349 442 2379; x_wconf 95' lang='lat'><strong>1.</strong></span> <span class='ocrx_word' id='word_1_347' title='bbox 449 2348 510 2371; x_wconf 83' lang='lat' dir='ltr'><strong>am</strong></span> <span class='ocrx_word' id='word_1_348' title='bbox 525 2338 761 2394; x_wconf 79' lang='lat' dir='ltr'><strong>Jolzannes</strong></span> <span class='ocrx_word' id='word_1_349' title='bbox 777 2337 936 2379; x_wconf 79' lang='lat' dir='ltr'><strong>Seidel.</strong></span> <span class='ocrx_word' id='word_1_350' title='bbox 963 2349 1005 2380; x_wconf 94' lang='lat'><strong>2.</strong></span> <span class='ocrx_word' id='word_1_351' title='bbox 1027 2338 1186 2380; x_wconf 90' lang='lat' dir='ltr'><strong>Annos</strong></span> <span class='ocrx_word' id='word_1_352' title='bbox 1202 2343 1335 2380; x_wconf 89' lang='lat' dir='ltr'><strong>natus</strong></span> <span class='ocrx_word' id='word_1_353' title='bbox 1354 2348 1424 2390; x_wconf 88' lang='lat'><strong>34.</strong></span> <span class='ocrx_word' id='word_1_354' title='bbox 1448 2349 1489 2390; x_wconf 88' lang='grc'><strong>3.</strong></span> <span class='ocrx_word' id='word_1_355' title='bbox 1511 2336 1726 2378; x_wconf 89' lang='lat' dir='ltr'><strong>Morauus</strong></span> <span class='ocrx_word' id='word_1_356' title='bbox 1743 2335 1844 2376; x_wconf 84' lang='lat' dir='ltr'><strong>olu—</strong></span> 
     </span>
     <span class='ocr_line' id='line_1_37' title="bbox 221 2392 1843 2452; baseline -0.001 -16"><span class='ocrx_word' id='word_1_357' title='bbox 221 2394 482 2438; x_wconf 88' lang='lat' dir='ltr'><strong>mucensis..</strong></span> <span class='ocrx_word' id='word_1_358' title='bbox 492 2430 500 2439; x_wconf 94' lang='lat'><strong>.</strong></span> <span class='ocrx_word' id='word_1_359' title='bbox 534 2409 600 2439; x_wconf 91' lang='lat'><strong>12.</strong></span> <span class='ocrx_word' id='word_1_360' title='bbox 626 2397 852 2452; x_wconf 88' lang='lat' dir='ltr'><strong>Receptus</strong></span> <span class='ocrx_word' id='word_1_361' title='bbox 875 2395 991 2439; x_wconf 87' lang='lat' dir='ltr'><strong>fuit</strong></span> <span class='ocrx_word' id='word_1_362' title='bbox 979 2411 1026 2438; x_wconf 93' lang='lat' dir='ltr'><strong>1n</strong></span> <span class='ocrx_word' id='word_1_363' title='bbox 1048 2395 1320 2440; x_wconf 90' lang='lat' dir='ltr'><strong>Societatem</strong></span> <span class='ocrx_word' id='word_1_364' title='bbox 1342 2397 1511 2438; x_wconf 88' lang='lat' dir='ltr'><strong>Romae</strong></span> <span class='ocrx_word' id='word_1_365' title='bbox 1527 2408 1648 2437; x_wconf 90' lang='grc'><strong>3330</strong></span> <span class='ocrx_word' id='word_1_366' title='bbox 1668 2403 1738 2450; x_wconf 81' lang='grc'><strong>59,</strong></span> <span class='ocrx_word' id='word_1_367' title='bbox 1759 2392 1843 2435; x_wconf 82' lang='lat' dir='ltr'><strong>nisi</strong></span> 
     </span>
     <span class='ocr_line' id='line_1_38' title="bbox 222 2452 1842 2522; baseline -0.001 -28"><span class='ocrx_word' id='word_1_368' title='bbox 222 2454 334 2496; x_wconf 86' lang='lat' dir='ltr'><strong>fallit</strong></span> <span class='ocrx_word' id='word_1_369' title='bbox 360 2455 591 2507; x_wconf 90' lang='lat' dir='ltr'><strong>memoria,</strong></span> <span class='ocrx_word' id='word_1_370' title='bbox 623 2455 803 2522; x_wconf 83' lang='lat' dir='ltr'><strong>fuitque</strong></span> <span class='ocrx_word' id='word_1_371' title='bbox 830 2454 1129 2499; x_wconf 85' lang='lat' dir='ltr'><strong>examinatus.</strong></span> <span class='ocrx_word' id='word_1_372' title='bbox 1167 2467 1234 2508; x_wconf 91' lang='lat'><strong>14.</strong></span> <span class='ocrx_word' id='word_1_373' title='bbox 1268 2454 1489 2499; x_wconf 88' lang='lat' dir='ltr'><strong>Sacerdos</strong></span> <span class='ocrx_word' id='word_1_374' title='bbox 1519 2452 1734 2508; x_wconf 85' lang='lat' dir='ltr'><strong>indignus</strong></span> <span class='ocrx_word' id='word_1_375' title='bbox 1756 2458 1842 2497; x_wconf 89' lang='lat' dir='ltr'><strong>est.</strong></span> 
     </span>
     <span class='ocr_line' id='line_1_39' title="bbox 221 2510 1834 2570; baseline -0.002 -16"><span class='ocrx_word' id='word_1_376' title='bbox 221 2518 268 2555; x_wconf 92' lang='lat' dir='ltr'><strong>et</strong></span> <span class='ocrx_word' id='word_1_377' title='bbox 303 2512 434 2556; x_wconf 92' lang='lat' dir='ltr'><strong>titulo</strong></span> <span class='ocrx_word' id='word_1_378' title='bbox 469 2514 685 2557; x_wconf 85' lang='lat' dir='ltr'><strong>doctorali</strong></span> <span class='ocrx_word' id='word_1_379' title='bbox 721 2513 986 2570; x_wconf 83' lang='lat' dir='ltr'><strong>insignitus,</strong></span> <span class='ocrx_word' id='word_1_380' title='bbox 1026 2513 1197 2557; x_wconf 89' lang='lat' dir='ltr'><strong>scilicet</strong></span> <span class='ocrx_word' id='word_1_381' title='bbox 1234 2512 1511 2569; x_wconf 84' lang='lat' dir='ltr'><strong>theologiae,</strong></span> <span class='ocrx_word' id='word_1_382' title='bbox 1552 2510 1834 2567; x_wconf 83' lang='lat' dir='ltr'><strong>Ingolstadij.</strong></span> 
     </span>
     <span class='ocr_line' id='line_1_40' title="bbox 229 2569 1843 2629; baseline -0.002 -16"><span class='ocrx_word' id='word_1_383' title='bbox 229 2581 294 2624; x_wconf 92' lang='lat'><strong>15.</strong></span> <span class='ocrx_word' id='word_1_384' title='bbox 327 2571 564 2615; x_wconf 86' lang='lat' dir='ltr'><strong>Habitauit</strong></span> <span class='ocrx_word' id='word_1_385' title='bbox 589 2573 733 2629; x_wconf 87' lang='lat' dir='ltr'><strong>primo</strong></span> <span class='ocrx_word' id='word_1_386' title='bbox 760 2573 807 2616; x_wconf 92' lang='lat' dir='ltr'><strong>in</strong></span> <span class='ocrx_word' id='word_1_387' title='bbox 834 2572 1026 2629; x_wconf 85' lang='lat' dir='ltr'><strong>collegio</strong></span> <span class='ocrx_word' id='word_1_388' title='bbox 1053 2587 1259 2623; x_wconf 90' lang='lat' dir='ltr'><strong>romano,</strong></span> <span class='ocrx_word' id='word_1_389' title='bbox 1290 2571 1452 2615; x_wconf 90' lang='lat' dir='ltr'><strong>deinde</strong></span> <span class='ocrx_word' id='word_1_390' title='bbox 1479 2571 1524 2613; x_wconf 88' lang='grc'><strong>13</strong></span> <span class='ocrx_word' id='word_1_391' title='bbox 1548 2569 1843 2625; x_wconf 86' lang='lat' dir='ltr'><strong>tyrnauiensi:</strong></span> 
     </span>
     <span class='ocr_line' id='line_1_41' title="bbox 223 2627 1843 2689; baseline -0.001 -18"><span class='ocrx_word' id='word_1_392' title='bbox 223 2629 308 2672; x_wconf 86' lang='lat' dir='ltr'><strong>fuit</strong></span> <span class='ocrx_word' id='word_1_393' title='bbox 323 2637 474 2674; x_wconf 88' lang='lat' dir='ltr'><strong>autem</strong></span> <span class='ocrx_word' id='word_1_394' title='bbox 495 2631 541 2674; x_wconf 90' lang='grc'><strong>13</strong></span> <span class='ocrx_word' id='word_1_395' title='bbox 562 2632 861 2689; x_wconf 86' lang='grc' dir='ltr'><strong>363ρο111330,</strong></span> <span class='ocrx_word' id='word_1_396' title='bbox 881 2634 1064 2685; x_wconf 80' lang='lat' dir='ltr'><strong>nolano,</strong></span> <span class='ocrx_word' id='word_1_397' title='bbox 1083 2631 1279 2683; x_wconf 88' lang='grc'><strong>3636331,</strong></span> <span class='ocrx_word' id='word_1_398' title='bbox 1297 2630 1550 2681; x_wconf 91' lang='lat' dir='ltr'><strong>florentino,</strong></span> <span class='ocrx_word' id='word_1_399' title='bbox 1571 2627 1843 2678; x_wconf 85' lang='lat' dir='ltr'><strong>ferrariensi,</strong></span> 
     </span>
     <span class='ocr_line' id='line_1_42' title="bbox 218 2688 1849 2753; baseline -0.002 -22"><span class='ocrx_word' id='word_1_400' title='bbox 218 2689 487 2743; x_wconf 90' lang='lat' dir='ltr'><strong>patauiensi,</strong></span> <span class='ocrx_word' id='word_1_401' title='bbox 517 2691 841 2745; x_wconf 89' lang='lat' dir='ltr'><strong>monachiensi,</strong></span> <span class='ocrx_word' id='word_1_402' title='bbox 871 2690 1229 2748; x_wconf 80' lang='lat' dir='ltr'><strong>ingolstadiensi,</strong></span> <span class='ocrx_word' id='word_1_403' title='bbox 1259 2689 1489 2735; x_wconf 87' lang='lat' dir='ltr'><strong>wienensi.</strong></span> <span class='ocrx_word' id='word_1_404' title='bbox 1528 2690 1593 2731; x_wconf 87' lang='lat'><strong>16.</strong></span> <span class='ocrx_word' id='word_1_405' title='bbox 1621 2688 1849 2753; x_wconf 83' lang='lat' dir='ltr'><strong>Probatus</strong></span> 
     </span>
     <span class='ocr_line' id='line_1_43' title="bbox 219 2745 1841 2806; baseline -0.001 -17"><span class='ocrx_word' id='word_1_406' title='bbox 219 2747 305 2789; x_wconf 92' lang='lat' dir='ltr'><strong>fuit</strong></span> <span class='ocrx_word' id='word_1_407' title='bbox 333 2760 372 2790; x_wconf 94' lang='lat'><strong>1.</strong></span> <span class='ocrx_word' id='word_1_408' title='bbox 386 2748 406 2768; x_wconf 88' lang='lat'><strong>⁰</strong></span> <span class='ocrx_word' id='word_1_409' title='bbox 423 2748 492 2792; x_wconf 90' lang='lat' dir='ltr'><strong>bis</strong></span> <span class='ocrx_word' id='word_1_410' title='bbox 512 2764 592 2805; x_wconf 92' lang='lat' dir='ltr'><strong>per</strong></span> <span class='ocrx_word' id='word_1_411' title='bbox 611 2750 824 2793; x_wconf 86' lang='lat' dir='ltr'><strong>exercitia</strong></span> <span class='ocrx_word' id='word_1_412' title='bbox 845 2750 1092 2806; x_wconf 87' lang='lat' dir='ltr'><strong>spiritualia</strong></span> <span class='ocrx_word' id='word_1_413' title='bbox 1114 2751 1302 2794; x_wconf 90' lang='lat' dir='ltr'><strong>Romae.</strong></span> <span class='ocrx_word' id='word_1_414' title='bbox 1335 2761 1377 2792; x_wconf 93' lang='lat'><strong>2.</strong></span> <span class='ocrx_word' id='word_1_415' title='bbox 1383 2749 1403 2769; x_wconf 90' lang='lat'><strong>⁰</strong></span> <span class='ocrx_word' id='word_1_416' title='bbox 1421 2746 1716 2792; x_wconf 89' lang='lat' dir='ltr'><strong>Xenodochia</strong></span> <span class='ocrx_word' id='word_1_417' title='bbox 1736 2745 1841 2788; x_wconf 90' lang='lat' dir='ltr'><strong>visi-</strong></span> 
     </span>
     <span class='ocr_line' id='line_1_44' title="bbox 219 2805 1846 2864; baseline -0.001 -16"><span class='ocrx_word' id='word_1_418' title='bbox 219 2806 348 2858; x_wconf 89' lang='lat' dir='ltr'><strong>tauit,</strong></span> <span class='ocrx_word' id='word_1_419' title='bbox 373 2808 455 2851; x_wconf 90' lang='lat' dir='ltr'><strong>sed</strong></span> <span class='ocrx_word' id='word_1_420' title='bbox 482 2822 573 2851; x_wconf 93' lang='lat' dir='ltr'><strong>non</strong></span> <span class='ocrx_word' id='word_1_421' title='bbox 610 2809 814 2862; x_wconf 88' lang='lat' dir='ltr'><strong>seruiuit,</strong></span> <span class='ocrx_word' id='word_1_422' title='bbox 840 2817 885 2853; x_wconf 92' lang='lat' dir='ltr'><strong>et</strong></span> <span class='ocrx_word' id='word_1_423' title='bbox 920 2823 1144 2853; x_wconf 88' lang='lat' dir='ltr'><strong>carceres.</strong></span> <span class='ocrx_word' id='word_1_424' title='bbox 1179 2822 1220 2863; x_wconf 90' lang='grc'><strong>3.</strong></span> <span class='ocrx_word' id='word_1_425' title='bbox 1227 2807 1600 2864; x_wconf 85' lang='lat' dir='ltr'><strong>⁰Peregrinatus</strong></span> <span class='ocrx_word' id='word_1_426' title='bbox 1629 2805 1714 2847; x_wconf 87' lang='lat' dir='ltr'><strong>fuit</strong></span> <span class='ocrx_word' id='word_1_427' title='bbox 1751 2807 1846 2848; x_wconf 90' lang='lat' dir='ltr'><strong>Ro—</strong></span> 
     </span>
     <span class='ocr_line' id='line_1_45' title="bbox 218 2863 1849 2925; baseline -0.002 -18"><span class='ocrx_word' id='word_1_428' title='bbox 218 2879 317 2908; x_wconf 89' lang='lat' dir='ltr'><strong>mae</strong></span> <span class='ocrx_word' id='word_1_429' title='bbox 339 2881 419 2922; x_wconf 92' lang='lat' dir='ltr'><strong>per</strong></span> <span class='ocrx_word' id='word_1_430' title='bbox 443 2879 467 2921; x_wconf 89' lang='lat'>3</span> <span class='ocrx_word' id='word_1_431' title='bbox 496 2868 800 2911; x_wconf 91' lang='lat' dir='ltr'><strong>hebdomadas</strong></span> <span class='ocrx_word' id='word_1_432' title='bbox 826 2869 884 2911; x_wconf 90' lang='lat' dir='ltr'><strong>ad</strong></span> <span class='ocrx_word' id='word_1_433' title='bbox 911 2869 1200 2925; x_wconf 90' lang='lat' dir='ltr'><strong>sepulchrum</strong></span> <span class='ocrx_word' id='word_1_434' title='bbox 1229 2868 1533 2923; x_wconf 88' lang='lat' dir='ltr'><strong>apostolorum</strong></span> <span class='ocrx_word' id='word_1_435' title='bbox 1563 2863 1779 2908; x_wconf 91' lang='lat' dir='ltr'><strong>Matthaei</strong></span> <span class='ocrx_word' id='word_1_436' title='bbox 1801 2871 1849 2907; x_wconf 89' lang='lat' dir='ltr'><strong>et</strong></span> 
     </span>
     <span class='ocr_line' id='line_1_46' title="bbox 217 2922 1846 2980; baseline 0 -15"><span class='ocrx_word' id='word_1_437' title='bbox 217 2924 445 2969; x_wconf 86' lang='lat' dir='ltr'><strong>Andreae.</strong></span> <span class='ocrx_word' id='word_1_438' title='bbox 471 2938 515 2979; x_wconf 92' lang='grc'><strong>4.</strong></span> <span class='ocrx_word' id='word_1_439' title='bbox 522 2927 784 2971; x_wconf 90' lang='lat' dir='ltr'><strong>⁰Versatus</strong></span> <span class='ocrx_word' id='word_1_440' title='bbox 805 2935 875 2971; x_wconf 92' lang='lat' dir='ltr'><strong>est</strong></span> <span class='ocrx_word' id='word_1_441' title='bbox 895 2926 942 2970; x_wconf 87' lang='lat' dir='ltr'><strong>in</strong></span> <span class='ocrx_word' id='word_1_442' title='bbox 963 2927 1114 2970; x_wconf 89' lang='lat' dir='ltr'><strong>culina</strong></span> <span class='ocrx_word' id='word_1_443' title='bbox 1136 2941 1228 2969; x_wconf 92' lang='lat' dir='ltr'><strong>uno</strong></span> <span class='ocrx_word' id='word_1_444' title='bbox 1249 2940 1420 2980; x_wconf 89' lang='lat' dir='ltr'><strong>mense,</strong></span> <span class='ocrx_word' id='word_1_445' title='bbox 1454 2932 1499 2969; x_wconf 91' lang='lat' dir='ltr'><strong>et</strong></span> <span class='ocrx_word' id='word_1_446' title='bbox 1519 2924 1566 2966; x_wconf 93' lang='lat' dir='ltr'><strong>in</strong></span> <span class='ocrx_word' id='word_1_447' title='bbox 1589 2922 1846 2974; x_wconf 79' lang='lat' dir='ltr'><strong>refectorio,</strong></span> 
     </span>
    </p>
   </div>
   <div class='ocr_carea' id='block_1_4' title="bbox 215 3013 498 3020">
    <p class='ocr_par' dir='ltr' id='par_1_7' title="bbox 215 3013 498 3020">
     <span class='ocr_line' id='line_1_47' title="bbox 215 3013 498 3020; baseline 0 502"><span class='ocrx_word' id='word_1_448' title='bbox 215 3013 498 3020; x_wconf 95' lang='lat' dir='ltr'><strong> </strong></span> 
     </span>
    </p>
   </div>
   <div class='ocr_carea' id='block_1_5' title="bbox 294 3051 1829 3104">
    <p class='ocr_par' dir='ltr' id='par_1_8' title="bbox 294 3051 1829 3104">
     <span class='ocr_line' id='line_1_48' title="bbox 294 3051 1829 3104; baseline -0.002 -13"><span class='ocrx_word' id='word_1_449' title='bbox 294 3058 305 3078; x_wconf 88' lang='lat'>¹</span> <span class='ocrx_word' id='word_1_450' title='bbox 355 3055 400 3091; x_wconf 93' lang='lat' dir='ltr'><strong>Id</strong></span> <span class='ocrx_word' id='word_1_451' title='bbox 419 3061 494 3100; x_wconf 89' lang='lat' dir='ltr'><strong>est,</strong></span> <span class='ocrx_word' id='word_1_452' title='bbox 514 3057 684 3102; x_wconf 88' lang='lat' dir='ltr'><strong>Joannes</strong></span> <span class='ocrx_word' id='word_1_453' title='bbox 702 3057 945 3103; x_wconf 84' lang='lat' dir='ltr'><strong>evangelista</strong></span> <span class='ocrx_word' id='word_1_454' title='bbox 962 3057 1001 3093; x_wconf 88' lang='lat' dir='ltr'><strong>in</strong></span> <span class='ocrx_word' id='word_1_455' title='bbox 1015 3056 1249 3104; x_wconf 86' lang='lat' dir='ltr'><strong>baptismate</strong></span> <span class='ocrx_word' id='word_1_456' title='bbox 1262 3057 1499 3092; x_wconf 89' lang='lat' dir='ltr'><strong>nominatus.</strong></span> <span class='ocrx_word' id='word_1_457' title='bbox 1517 3054 1618 3090; x_wconf 86' lang='lat' dir='ltr'><strong>Vide</strong></span> <span class='ocrx_word' id='word_1_458' title='bbox 1632 3053 1746 3100; x_wconf 90' lang='lat' dir='ltr'><strong>epist.</strong></span> <span class='ocrx_word' id='word_1_459' title='bbox 1763 3051 1829 3088; x_wconf 86' lang='lat'><strong>321</strong></span> 
     </span>
    </p>
   </div>
  </div>
 </body>
</html>
