2196 3522
974 281 1196 318 APPENDIX
1831 287 1900 326 577

266 399 354 429 nus
375 399 476 430 sum
498 382 698 438 natione,
723 383 869 442 patria
889 382 1214 429 coloniensis...
1242 394 1284 439 7.
1311 382 1710 440 Egi'mercatorem
1728 381 1901 439 aliquot

267 445 414 498 annis;
439 445 520 490 sed
541 459 646 489 cum
667 444 908 490 diuersitas
929 443 1035 488 fidei
1062 443 1171 486 mihi
1200 457 1336 500 saepe
1364 443 1577 488 interiora
1613 456 1715 486 mea
1744 456 1897 486 moue-

269 511 355 559 ret,
380 504 565 562 Tarpati
587 506 718 562 (quae
739 511 808 549 est
830 511 1055 562 postrema
1076 503 1237 547 ciuitas
1258 502 1492 557 Liuoniae‚
1513 517 1603 558 quo
1619 509 1900 547 mercaturae

270 563 418 620 gratia
439 579 562 609 eram
583 563 827 621 profectus>
850 578 1032 620 operam
1053 562 1182 620 coepi
1203 564 1311 608 dare
1327 562 1468 606 literis
1483 562 1572 606 iam
1589 563 1895 619 grandaeuus,

269 623 376 669 licet
400 623 551 681 aliquo
567 624 702 667 modo
723 623 862 668 latine
882 624 1075 679 loquens
1097 637 1153 666 ex
1174 622 1522 675 consuetudine,
1548 621 1653 677 quia
1670 637 1782 678 puer
1798 629 1898 665 stu—

270 684 456 727 dueram
493 683 876 740 aliquantulum...
922 695 989 727 12.
1031 685 1151 726 Puto
1187 696 1259 725 me
1291 681 1507 726 terminos
1533 681 1760 725 vndecimi
1791 682 1898 725 anni

269 742 490 799 attigisse,
516 759 572 787 ex
593 758 683 800 quo
705 744 763 786 ad
783 742 1056 788 Societatem
1078 741 1378 798 peruenerim.
1406 742 1463 784 Et
1484 740 1590 785 licet
1612 741 1794 796 quidem
1823 756 1897 786 me

268 803 410 847 Rdus.
453 805 505 847 P.
547 803 810 848 Leonardus
847 804 1036 846 Romam
1072 800 1261 854 miserit,
1293 807 1444 845 tamen
1471 800 1672 843 nondum
1702 802 1896 845 feceram

266 869 440 916 votum,
464 876 614 919 neque
634 877 757 906 eram
778 862 985 906 absolute
1007 860 1105 905 eius
1126 860 1393 914 sententiae,
1418 866 1469 903 ut
1490 859 1766 916 ingrederer.
1800 861 1893 905 Sed

265 921 546 966 humanitate
567 922 668 966 Rdi.
696 924 749 966 Ρ.
770 921 945 980 Jacobi,
971 935 1092 964 nunc
1115 919 1357 976 praepositi
1379 919 1538 974 nostri,
1562 919 1728 972 victus,
1760 920 1895 976 polli-

265 981 383 1025 citus
404 997 504 1026 sum
526 981 590 1024 illi
610 981 881 1035 Florentiae,
907 981 986 1024 ubi
1014 990 1062 1035 15
1087 979 1183 1023 dies
1205 987 1511 1023 commoratus
1533 993 1650 1032 sum,
1676 994 1748 1024 me
1776 980 1894 1024 velle

267 1043 438 1086 Romae
458 1041 731 1087 Societatem
752 1039 947 1097 ingredi,
972 1039 1018 1083 id
1040 1040 1163 1096 quod
1183 1039 1353 1082 factum
1375 1045 1458 1082 est.
1492 1038 1577 1082 Fui
1604 1045 1754 1083 autem
1786 1045 1895 1082 tunc

267 1100 481 1157 temporis
502 1100 637 1145 etiam
653 1099 952 1153 examinatus,
972 1106 1017 1144 et
1034 1097 1177 1143 mansi
1191 1113 1272 1155 per
1288 1098 1487 1143 medium
1506 1112 1675 1142 annum
1691 1098 1736 1141 in
1756 1098 1893 1142 domo

267 1159 524 1213 Societatis,
549 1166 787 1217 propterea
808 1160 930 1216 quod
958 1173 1079 1204 eram
1109 1158 1312 1215 proximo
1343 1157 1601 1214 Septembri
1627 1157 1674 1201 in
1701 1158 1895 1203 Germa-

267 1220 388 1264 niam
425 1219 727 1264 mittendus...
775 1232 841 1274 14.
887 1220 1000 1264 Sum
1037 1218 1261 1263 sacerdos.
1309 1228 1375 1273 15.
1418 1219 1559 1262 Roma
1591 1217 1754 1261 missus
1789 1232 1891 1261 sum

268 1279 510 1333 Viennam,
536 1279 614 1323 ubi
635 1278 764 1335 quasi
786 1293 864 1336 per
886 1278 1128 1323 triennium
1151 1277 1241 1334 egi:
1274 1277 1452 1322 Vienna
1480 1276 1716 1321 Coloniam
1742 1278 1894 1333 prose-

266 1347 369 1383 ctus
390 1354 506 1383 sum:
532 1338 727 1384 Colonia'
742 1338 906 1383 iterum
929 1339 1138 1391 Romam,
1164 1337 1242 1380 ubi
1263 1337 1350 1381 iam
1374 1338 1466 1381 fere
1495 1351 1575 1394 per
1603 1351 1771 1380 annum
1798 1337 1889 1393 egi.

265 1399 375 1443 Inde
396 1405 578 1456 propter
598 1397 902 1443 valetudinem
925 1397 1088 1441 missus
1115 1412 1216 1441 sum
1248 1397 1713 1453 Oenipontum...1.7
1744 1396 1892 1440 Docui

266 1459 358 1504 fere
394 1473 572 1515 semper
609 1457 841 1510 Coloniae,
886 1464 932 1501 et
972 1457 1112 1501 habui
1154 1458 1395 1514 quamdam
1437 1456 1694 1513 generalem
1737 1469 1892 1500 curam

265 1518 432 1576 agendi
461 1533 566 1563 cum
595 1517 773 1562 ciuibus
800 1524 846 1562 et
872 1516 1130 1561 hominibus
1157 1515 1372 1569 externis,
1413 1523 1458 1559 et
1496 1515 1533 1560 si
1570 1515 1677 1571 quid
1710 1514 1890 1560 maioris

261 1578 478 1623 momenti
498 1592 579 1635 pro
607 1577 800 1634 collegio
827 1583 923 1621 erat
959 1577 1310 1634 procurandum,
1350 1575 1485 1619 etiam
1520 1574 1676 1620 haberi
1713 1574 1886 1618 curaui.

261 1637 391 1683 Sicut
412 1637 547 1682 etiam
571 1639 740 1682 Rornae
761 1636 943 1694 collegii
963 1635 1104 1680 nostri
1127 1650 1356 1693 praeeram
1378 1634 1573 1679 comitiis
1600 1634 1854 1679 habendis
1843 1650 1890 1678 1n

263 1697 555 1741 Vniuersitate
576 1696 623 1740 in
645 1695 872 1740 creatione
893 1696 1228 1764 magistrorum,
1248 1694 1506 1739 licentiatus
1524 1702 1569 1739 et
1584 1695 1741 1738 doctor
1757 1692 1819 1753 [?].
1837 1695 1888 1738 In

259 1756 497 1802 viennensi
518 1756 711 1813 collegio
731 1755 855 1799 varia
876 1755 1014 1799 habui
1037 1755 1201 1809 officia;
1227 1754 1338 1798 nihil
1359 1754 1478 1798 enim
1500 1754 1644 1798 defuit
1670 1753 1731 1796 ibi
1762 1755 1888 1797 labo-

260 1817 337 1870 ris,
362 1831 466 1860 cum
488 1816 621 1873 pauci
643 1830 878 1860 essemus..
890 1828 998 1860 .21.
1024 1817 1193 1859 Romae
1215 1814 1413 1870 quidem,
1439 1814 1517 1857 ubi
1538 1813 1673 1857 etiam
1696 1828 1888 1870 genera—

260 1877 348 1920 lem
372 1875 458 1920 feci
479 1875 812 1920 confessionem
841 1850 955 1920 Rdo.
989 1874 1113 1919 Patri
1141 1874 1360 1919 Madridio
1383 1873 1521 1917 totius
1544 1873 1773 1929 temporis,
1799 1888 1889 1929 quo

261 1936 326 1979 fui
362 1935 409 1979 in
446 1934 690 1988 Societate,
730 1935 810 1979 sed
846 1934 1062 1979 Coloniae
1096 1933 1207 1977 nihil
1242 1935 1535 1978 horum‘meo
1569 1940 1770 1990 tempore
1803 1932 1889 1976 fuit

259 1996 605 2039 observatum...
648 1993 785 2054 [Sclz.]
828 2007 863 2038 1.
905 1995 949 2038 A
986 2008 1127 2051 puero
1160 1996 1303 2050 usque
1339 1993 1396 2036 ad
1423 1992 1648 2036 decimum
1677 1991 1887 2048 quintum

259 2065 429 2099 annum
450 2054 612 2099 studiis
633 2053 975 2097 humanioribus
997 2068 1180 2110 operam
1201 2052 1321 2098 dedi.
1349 2055 1515 2097 Postea
1538 2053 1684 2095 factus
1711 2066 1886 2096 merca-

259 2121 330 2158 tor
365 2129 443 2171 per
481 2121 676 2170 quatuor
704 2112 831 2170 quasi
864 2127 1022 2166 annos,
1058 2112 1212 2156 relicta
1242 2119 1511 2164 mercatura,
1546 2111 1725 2155 d'uobus
1756 2111 1886 2155 annis

257 2174 422 2218 iterum
442 2173 597 2218 studui
614 2180 856 2241 antequam
878 2172 1150 2218 Societatem
1166 2172 1444 2229 ingrederer.
1467 2171 1757 2215 Potissimum
1775 2186 1884 2228 ope-

258 2249 353 2278 ram
376 2233 636 2291 consumpsi
659 2233 704 2276 in
722 2232 972 2277 rhetoricis.
992 2233 1188 2276 Cursum
1205 2231 1341 2276 etiam
1358 2230 1509 2284 docui,
1529 2231 1610 2276 sed
1627 2246 1721 2274 non
1739 2230 1881 2283 licuit,

258 2300 355 2338 tum
377 2308 456 2351 per
477 2292 800 2346 valetudinem,
826 2299 921 2335 tum
943 2307 1022 2348 per
1042 2291 1290 2335 domestica
1312 2290 1513 2347 negotia,
1539 2290 1768 2346 expedire.
1795 2291 1886 2334 Ita-

259 2367 363 2410 que,
388 2353 544 2397 relicta
564 2351 758 2396 naturali
781 2351 1078 2408 philosophia,
1097 2350 1299 2408 quinque
1314 2350 1455 2394 libros
1472 2349 1724 2395 ethicorum
1742 2349 1884 2406 expli-

259 2413 434 2466 cabam,
459 2419 505 2457 et
525 2412 690 2457 deinde
712 2411 934 2467 reliquum
959 2417 1137 2468 tempus
1157 2409 1204 2453 in
1232 2410 1454 2454 Cicerone
1482 2409 1673 2452 traduxi.
1710 2410 1885 2464 Quam-

258 2487 395 2540 quam
417 2486 594 2529 semper
614 2473 709 2516 fere
730 2485 864 2515 vnam
886 2470 1103 2514 Coloniae
1123 2469 1364 2515 lectionem
1390 2470 1603 2513 haberem
1634 2468 1679 2510 in
1709 2469 1885 2512 theolo-

259 2531 390 2588 gicis,
416 2533 587 2576 Romae
609 2531 743 2576 etiam
768 2530 1024 2587 theologiae
1046 2529 1223 2573 auditor
1251 2528 1366 2573 fui...
1399 2530 1441 2572 6.
1474 2527 1692 2584 Magister
1721 2527 1884 2570 artium

258 2605 359 2634 sum
381 2590 599 2635 Coloniae
619 2597 885 2648 promotus..
898 2592 1138 2635 .—-Petrus
1160 2590 1332 2646 Haupt,
1358 2587 1643 2632 coloniensis.
1664 2586 1757 2646 [IV,
1778 2598 1881 2642 472,

256 2651 342 2706 482

348 2650 387 2754 i.
452 2710 575 2752 Pero
595 2710 719 2766 Luys
747 2709 962 2752 Beutlzer.
996 2720 1037 2752 2.
1067 2709 1138 2752 De
1167 2719 1221 2763 23
1249 2713 1376 2751 anos.
1405 2721 1445 2762 3.
1476 2708 1547 2750 De
1573 2706 1616 2748 la
1643 2704 1807 2748 ciudad
1828 2705 1885 2750 de

255 2767 868 2824 Valencia.14.Recibiome
891 2769 933 2812 el
955 2770 1008 2812 P.
1036 2769 1098 2811 M.
1125 2766 1298 2824 Miguel
1318 2766 1553 2811 Gouierno
1575 2781 1631 2809 en
1650 2764 1880 2819 Valencia.

258 2830 325 2872 16.
351 2830 466 2885 Seys
487 2843 632 2872 anos..
645 2840 751 2872 .22.
779 2827 931 2872 Prima
953 2834 1155 2871 tonsura.
1182 2839 1252 2881 23.
1275 2827 1344 2870 En
1362 2824 1594 2880 Valencia,
1608 2825 1783 2891 partim
1801 2839 1884 2866 an-

253 2889 404 2932 dando
435 2901 493 2931 en
520 2887 700 2940 oficios,
724 2889 902 2944 partim
934 2886 1242 2942 comencando
1270 2901 1295 2929 a
1323 2884 1523 2929 estudiar
1551 2884 1713 2939 griego
1746 2898 1775 2939 y
1801 2885 1884 2927 he-

254 2949 476 3004 brayco...
503 2948 571 2990 En
594 2948 780 2991 Cuenca
800 2961 830 3003 y
852 2947 1011 2991 Alcala
1031 2946 1088 2990 de
1110 2945 1315 3002 passada.
1337 2947 1406 2988 En
1424 2943 1603 2988 Medina
1621 2943 1695 2987 del
1713 2944 1885 2998 Campo

254 3007 326 3064 ley
349 3018 412 3050 un
439 3021 534 3051 mes
561 3007 619 3051 de
649 3005 949 3063 gramatica...
982 3007 1050 3049 En
1079 3006 1365 3050 Salamanca.
1398 3019 1455 3060 ay
1484 3009 1643 3047 estuve
1663 3002 1879 3045 enfermo,

256 3068 326 3110 En
349 3069 608 3123 Monterrey
635 3066 861 3121 enfermo,
886 3080 915 3123 y
946 3065 1061 3114 letor
1092 3065 1149 3111 de
1185 3065 1228 3109 la
1265 3078 1354 3127 que
1384 3064 1470 3112 alla
1500 3063 1661 3110 llaman
1694 3060 1886 3125 primera
