2196 3522
849 285 874 320 4
898 276 1144 316 DEcmfflms
1174 273 1266 320 1563
1804 282 1871 318 471

201 419 208 425 ,
239 379 408 423 incirca
434 377 480 421 di
507 382 670 434 qu'esto
696 391 832 433 paese
857 383 1026 421 nostro.
1060 375 1213 431 Quelli
1240 377 1442 419 anchora
1468 376 1586 420 della
1612 374 1766 420 chiesa
1788 389 1872 418 no-

240 463 354 508 stra,
389 461 560 512 quanto
588 455 674 498 alla
702 453 964 510 quotidiana
998 452 1242 498 deuotione
1277 452 1324 495 in
1353 453 1658 509 frequentarla
1684 459 1731 495 et
1758 451 1871 495 odir'

239 547 403 587 messa,
426 539 474 576 et
494 531 785 584 confessioni,
810 531 986 576 benche
1006 531 1203 573 anchora
1223 529 1372 586 pochi.
1399 531 1465 573 La
1493 529 1747 585 frequentia
1768 528 1873 592 (16111

241 608 435 654 auditori
457 609 546 652 allo
569 608 845 653 cathecismo
866 607 904 651 si
925 607 1141 650 continua
1162 607 1250 650 allo
1272 606 1429 659 solito,
1461 613 1508 650 et
1529 607 1710 663 quando
1733 606 1871 658 forze,

196 685 202 694 '
241 702 369 731 come
390 700 622 742 pensamo,
648 685 685 728 si
706 684 965 730 debilitasse
986 698 1066 741 per
1086 698 1223 727 cause
1245 685 1330 728 che
1351 683 1383 726 il
1405 685 1459 726 P.
1486 683 1672 727 Andrea
1693 684 1786 726 l'ha
1802 682 1874 726 in-
1944 700 1946 702 ·

240 763 567 808 commenciato
603 778 630 805 a
660 763 837 819 legere,
871 761 909 805 si
945 763 1289 817 recompensata
1325 774 1430 803 cum
1467 760 1497 802 li
1534 760 1727 804 auditori
1758 761 1876 804 della

239 841 396 884 schola
417 841 536 883 doue
557 839 595 883 si
623 839 814 896 insegna
834 853 858 881 3
886 838 1040 894 legere
1066 844 1113 881 et
1139 827 1369 897 scriueſtre]
1399 838 1606 881 tudesco.
1639 838 1713 880 Ha
1741 851 1874 893 parso

239 919 326 961 allo
347 924 502 961 nostro
525 917 671 960 Padre
693 914 969 972 prouinciale
990 921 1036 959 et
1057 916 1255 957 anchora
1277 930 1303 958 a
1323 915 1399 958 noi
1420 916 1506 958 che
1527 914 1558 957 il
1579 915 1730 957 dottor
1752 915 1872 958 Her-

239 1009 407 1038 manno
438 1000 740 1037 commutasse
769 993 813 1035 la
843 992 1030 1035 lettione
1062 993 1135 1036 del
1165 991 1442 1036 cathecismo
1474 1006 1579 1035 cum
1616 984 1659 1034 la
1693 991 1874 1047 predica

155 1082 160 1087 ‘
240 1072 355 1115 della
379 1070 534 1115 chiesa
554 1069 746 1126 magior,
779 1070 901 1114 doue
928 1068 966 1112 si
995 1083 1126 1126 spera
1152 1069 1231 1126 piu
1260 1069 1401 1112 frutto
1431 1083 1673 1112 commune
1695 1076 1741 1112 et
1769 1083 1871 1112 cum

242 1148 322 1205 piu
338 1147 631 1191 abundantia.

333 1226 374 1268 8.
439 1225 474 1268 Il
496 1226 631 1268 Mtro.
650 1226 830 1282 Joanne
852 1221 1009 1267 Ora'no
1030 1225 1089 1267 ha
1110 1222 1474 1267 incomminziato
1497 1230 1658 1278 questa
1679 1236 1871 1266 renoua—

244 1302 369 1345 tione
390 1300 496 1344 delli
517 1300 655 1344 studii
675 1300 721 1343 di
743 1301 896 1357 legere
917 1299 948 1342 11
969 1314 1119 1352 curso,
1143 1306 1190 1343 et
1206 1290 1412 1356 speramo
1428 1300 1472 1343 10
1490 1300 1583 1344 fara
1604 1313 1708 1342 curn
1730 1299 1875 1343 vtilita

241 1386 287 1423 et
307 1393 390 1423 sua
411 1385 458 1422 et
478 1377 583 1421 delli
604 1376 834 1433 discepoli.
861 1376 914 1420 Li
934 1376 1043 1419 duoi
1064 1376 1262 1420 mandati
1285 1377 1341 1420 da
1364 1377 1421 1420 V.
1448 1377 1502 1420 R.
1526 1378 1580 1419 P.
1600 1391 1679 1433 per
1696 1377 1739 1421 16
1754 1377 1875 1421 duoe

241 1456 395 1500 schole
417 1454 617 1498 inferiori
638 1454 669 1496 li
691 1455 829 1497 fanno
850 1453 966 1497 assai
987 1454 1105 1498 bene
1127 1461 1173 1498 et
1193 1467 1327 1510 spero
1347 1468 1526 1509 sempre
1547 1452 1728 1510 meglio.

327 1547 370 1590 9.
435 1533 470 1575 Il
493 1533 548 1575 D.
577 1530 898 1575 Massimiliano
922 1539 993 1574 sta
1008 1532 1206 1574 anchora
1221 1544 1307 1573 con
1325 1529 1355 1572 li
1372 1529 1632 1582 c'onuittori‚
1653 1538 1699 1574 et
1715 1529 1760 1573 di
1777 1530 1874 1573 loro

240 1611 325 1654 che
341 1608 500 1653 ordine
512 1607 550 1651 si
566 1610 721 1652 tenera
737 1622 830 1651 non
845 1621 1030 1664 sapemo
1047 1609 1258 1651 anchora.
1282 1607 1315 1650 Il
1332 1608 1462 1650 Rmo.
1484 1608 1509 1650 e
1526 1607 1599 1650 del
1616 1621 1772 1663 parere
1789 1609 1874 1651 che

239 1686 279 1730 si
294 1685 511 1730 continua
526 1684 725 1737 l’officio,
746 1699 831 1740 pur
847 1685 893 1728 lo
910 1685 1044 1728 modo
1065 1699 1157 1728 non
1173 1684 1211 1727 si
1233 1685 1359 1729 volse
1380 1685 1625 1738 resoluere,
1650 1699 1722 1727 ma
1739 1685 1872 1727 vuole

241 1765 327 1808 che
342 1763 374 1806 il
392 1765 444 1806 P.
467 1764 605 1808 Petro
622 1764 748 1809 Phae
763 1777 915 1819 venga
930 1763 988 1806 da
1004 1762 1097 1806 luoi
1114 1761 1269 1806 auanti
1285 1763 1370 1805 che
1387 1761 1424 1805 si
1448 1761 1564 1818 parti
1586 1761 1631 1803 di
1650 1750 1869 1814 'Treuere;

240 1847 286 1884 et
307 1841 462 1885 alhora
483 1841 542 1883 ha
564 1840 691 1884 detto
713 1841 798 1883 che
819 1839 858 1882 si
879 1840 1014 1883 vuole
1035 1840 1264 1884 resoluere
1285 1853 1389 1882 cum
1411 1853 1530 1891 esso,
1555 1846 1601 1882 et
1617 1838 1875 1895 significarat

241 1933 267 1960 a
289 1916 365 1960 noi
387 1931 467 1973 per
486 1916 518 1958 il
539 1915 785 1960 medesimo
808 1917 946 1960 Petro
964 1918 1089 1960 Phae
1111 1915 1181 1960 cio
1202 1918 1287 1959 che
1308 1918 1466 1973 patera
1488 1918 1574 1959 che
1594 1915 1632 1959 si
1657 1915 1812 1960 faccia.

335 2007 402 2038 10.
468 1995 647 2049 Questo
670 1992 732 2035 mi
753 2007 942 2038 occurre
963 1993 1009 2036 di
1031 1993 1180 2037 auisar
1203 1993 1289 2036 alla
1310 1994 1365 2037 R.
1392 1994 1445 2037 P.
1472 1994 1530 2036 V.
1561 1993 1633 2036 del
1658 2007 1809 2038 essere
1830 1992 1875 2036 di

241 2078 402 2127 questo
423 2085 507 2113 suo
527 2069 736 2126 collegio,
761 2070 806 2113 10
827 2071 960 2126 quale
979 2084 1199 2127 pregamo
1219 2071 1320 2123 che,
1349 2084 1478 2114 come
1500 2085 1677 2126 sempre
1700 2072 1758 2113 ha
1774 2084 1875 2113 mo-

241 2154 382 2191 strato
403 2147 675 2204 particulare
696 2161 847 2191 amore
867 2161 1000 2191 verso
1027 2148 1180 2190 d’esso
1200 2155 1247 2191 et
1273 2146 1319 2189 di
1341 2162 1429 2199 me,
1463 2149 1548 2190 che
1576 2154 1754 2203 sempre
1775 2161 1876 2191 cre-

242 2238 319 2268 sca
339 2239 366 2268 a
388 2223 533 2281 gloria
553 2224 599 2266 di
620 2224 710 2268 Dio
733 2231 780 2267 et
801 2225 946 2268 salute
967 2225 1085 2268 (16116
1106 2224 1255 2268 anime
1283 2231 1436 2268 nostre
1456 2231 1501 2269 et
1522 2224 1627 2268 delli
1649 2223 1873 2280 prossimi.

181 2356 183 2359 ι
243 2300 335 2345 Α111
357 2300 548 2345 orationi
569 2301 615 2344 di
638 2303 695 2344 V.
722 2303 776 2345 R.
798 2302 852 2344 P.
872 2308 918 2345 et
935 2302 1008 2345 del
1031 2304 1081 2345 P.
1106 2301 1307 2356 Canisio,
1331 2303 1374 2345 lo
1391 2302 1524 2357 quale
1543 2301 1734 2358 pigliara
1750 2307 1878 2357 parte

243 2377 288 2420 di
310 2384 470 2433 questa
491 2393 570 2434 per
592 2392 690 2430 sua,
716 2385 762 2423 et
783 2393 810 2422 a
832 2379 938 2422 tutti
959 2379 990 2421 li
1012 2379 1113 2422 altri
1136 2378 1237 2422 Rdi.
1270 2378 1315 2422 in
1343 2378 1528 2422 Christo
1560 2378 1694 2421 Padri
1717 2385 1763 2422 et
1785 2378 1868 2420 fra-

245 2453 338 2497 telli
359 2453 406 2496 in
428 2454 611 2498 Christo
632 2443 892 2498 charissimi·
910 2455 1280 2500 continuamente
1308 2455 1346 2499 si
1373 2455 1779 2498 raceomandiamo.
1807 2455 1879 2497 De

245 2531 462 2584 Treuere,
479 2520 513 2574 ¹a
533 2531 580 2574 di
601 2545 630 2586 4
651 2532 696 2575 di
723 2533 978 2577 Decembre
1007 2533 1134 2587 1563.

330 2605 624 2651 Desideramo
646 2610 795 2653 chela
816 2610 870 2652 R.
898 2611 951 2652 P.
978 2610 1035 2652 V.
1061 2609 1099 2652 si
1129 2608 1271 2652 faccia
1298 2608 1445 2665 gratia
1472 2608 1518 2652 di
1541 2609 1728 2651 mandat
1749 2607 1878 2663 copia

241 2683 345 2728 dell’
377 2689 532 2726 ottaua
558 2684 775 2738 sessione,
806 2686 923 2730 della
951 2686 1085 2741 quale
1113 2700 1205 2748 non
1226 2687 1422 2730 hauemo
1445 2687 1642 2729 anchora
1664 2698 1783 2727 noua
1810 2684 1878 2727 al-

240 2761 407 2812 chuna,
432 2766 478 2802 et
499 2759 546 2802 di
567 2761 679 2806 altre
706 2775 813 2807 cose
840 2763 962 2807 dello
990 2762 1197 2806 concilio.
1229 2763 1334 2806 Non
1362 2764 1558 2807 hauemo
1586 2763 1783 2805 anchora
1804 2759 1876 2803 in-

240 2843 339 2881 teso
354 2837 473 2880 dello
490 2837 605 2881 libro
621 2838 761 2882 latino
777 2839 900 2884 edito
917 2841 966 2882 in
987 2841 1300 2898 defensionem
1317 2840 1550 2893 Societatis
1567 2842 1750 2881 nostrae
1771 2852 1876 2880 con·

242 2917 317 2955 tra
349 2914 683 2970 Kempnitium‚
715 2930 745 2959 a
775 2917 987 2960 lusitano.
1023 2916 1082 2961 Di
1114 2919 1172 2961 V.
1208 2918 1263 2960 R.
1305 2915 1403 2960 Px&
1439 2916 1641 2972 indegno
1669 2929 1802 2959 seruo
1834 2923 1881 2958 et

245 2989 422 3046 figliolo
443 2990 489 3033 in
511 2991 710 3046 Christo,

1250 3071 1478 3114 ANTomo
1511 3071 1687 3114 Vmex.
