2196 3522
683 254 940 290 Pnoommm
965 261 1149 291 saeuum
1174 262 1404 291 vounnms
1786 262 1861 290 xm

218 370 276 415 29
296 359 445 414 Sept.,
470 368 524 411 14
545 357 653 401 Oct.
674 355 764 412 63);
789 355 904 399 aliae
925 357 983 401 de
1011 355 1233 413 regimine
1259 354 1610 412 provinciarum,
1640 355 1861 413 collegio-

218 449 335 487 rum,
354 432 658 486 subditorum,
679 434 738 478 de
753 432 967 490 negotiis,
987 434 1046 476 de
1061 432 1199 478 rebus
1215 432 1376 490 gestis,
1394 433 1453 478 de
1469 432 1598 477 obitu
1612 432 1856 487 sociorum,

219 511 339 556 inter
358 525 474 567 quos
495 510 806 555 recensendus
827 510 975 567 primo
997 510 1101 554 loco
1128 510 1321 555 eximius
1342 510 1412 553 vir
1440 511 1494 554 P.
1525 511 1688 554 doctor
1709 511 1856 557 Anto-

219 588 325 632 nius
346 588 404 633 de
426 587 605 633 Madrid
626 589 697 646 (15
721 589 860 640 Nov.,
886 588 914 631 6
934 589 1048 631 Dec.
1075 587 1148 641 623
1180 598 1229 642 15
1249 589 1372 645 Jan.,
1400 598 1442 643 5,
1474 599 1524 642 17
1546 587 1713 645 April„
1741 602 1782 644 3,
1809 601 1860 632 10

216 666 311 724 Jul.
326 666 399 721 63;
426 678 469 719 2,
495 677 553 723 29
574 667 679 724 Jan.
700 665 788 722 64).
804 663 1068 722 Aragoniae
1086 663 1376 721 provincialis
1403 665 1460 708 de
1482 666 1617 709 domo
1630 665 1861 722 probatio-

222 741 293 786 nis
303 743 702 800 Caesaraugustae
710 742 784 786 vel
797 740 1035 786 Valentiae
1049 740 1330 785 instituenda
1345 741 1574 786 scribebat
1587 742 1628 799 (8
1641 744 1749 800 Jun.
1767 743 1855 799 63).

309 821 361 864 ΙΝ
382 821 653 865 LUSITANIA
677 822 730 864 Ρ.
756 818 1070 864 Gundisalvus
1092 819 1205 872 Vaz,
1226 817 1398 862 monita
1416 819 1565 862 Patris
1593 820 1740 863 Nadal
1756 819 1859 863 dili-

220 897 489 954 gentissime
504 911 775 953 exsequens,
796 894 1074 953 provinciam
1092 894 1355 939 Lusitaniae
1370 896 1600 952 praeclare
1618 896 1751 953 regit,
1768 898 1858 940 col-

220 973 342 1031 legia
354 974 578 1031 provehit,
602 981 650 1019 et
672 973 811 1018 tantis
827 972 1060 1016 laboribus
1076 973 1264 1025 fractUS,
1287 979 1576 1029 praematura
1591 980 1735 1016 morte
1752 988 1859 1017 suc-

220 1051 396 1095 cumbit
418 1053 489 1109 (25
513 1053 631 1096 Nov.
657 1052 730 1104 62;
758 1063 812 1095 22
830 1052 955 1109 Jan.‚
981 1050 1117 1108 6Jul.
1143 1050 1232 1106 63).

311 1130 468 1185 Atque
483 1131 598 1174 haec
618 1129 675 1172 de
697 1129 834 1172 rebus
855 1128 912 1172 ad
930 1127 1187 1171 universam
1221 1126 1497 1172 Societatem
1529 1128 1856 1184 spectantibus.

314 1217 448 1261 3,um,
478 1208 551 1250 De
576 1206 857 1250 Germaniae
871 1205 1129 1261 provinciis
1157 1209 1199 1247 et
1224 1205 1278 1247 de
1301 1206 1359 1249 P.
1381 1205 1663 1262 Hieronymo
1686 1206 1855 1249 Nadal.

222 1285 359 1328 —DE
379 1284 644 1328 GERMANIA
664 1291 711 1328 et
733 1283 790 1327 de
812 1283 949 1327 rebus
966 1281 1013 1325 in
1034 1281 1110 1325 illa
1131 1296 1158 1325 a
1179 1281 1331 1326 Natali
1353 1281 1572 1327 ordinatis
1588 1283 1731 1338 major
1753 1297 1859 1339 pro-

223 1360 440 1405 culdubio
473 1367 872 1405 monumentorum
900 1359 1047 1416 copia,
1088 1366 1139 1403 ut
1174 1359 1387 1414 diximus,
1426 1359 1473 1402 in
1505 1361 1592 1404 hoc
1628 1360 1861 1404 volumine

221 1437 476 1483 exhibetur.
516 1439 648 1483 Duae
685 1444 862 1482 tantum
900 1436 1142 1482 Societatis
1179 1436 1441 1493 provinciae
1469 1436 1515 1479 in
1536 1436 1784 1481 Germania
1814 1444 1861 1483 et

221 1514 487 1572 regionibus
507 1514 669 1558 vicinis
690 1514 1064 1567 numerabantur,
1090 1528 1195 1557 cum
1220 1515 1273 1557 P.
1305 1514 1453 1558 Nadal
1479 1513 1541 1556 ibi
1563 1513 1859 1559 commissarii

221 1598 270 1637 et
289 1591 536 1636 visitatoris
566 1606 756 1637 munere
784 1590 915 1648 fungi
944 1590 1109 1648 coepit:
1141 1590 1330 1644 scilicet,
1360 1590 1608 1635 Germania
1635 1591 1856 1648 superior,

223 1664 341 1725 q'uae
361 1683 443 1714 sex
462 1669 656 1727 collegia
683 1669 1086 1726 complectebatur:
1118 1668 1382 1721 viennense,
1415 1668 1490 1712 cui
1511 1669 1674 1712 domus
1695 1670 1860 1725 proba-

226 1745 362 1791 tionis
397 1747 644 1803 conjuncta
678 1753 798 1799 erat,
833 1760 1075 1803 pragense,
1117 1745 1412 1798 tirnaviense,
1452 1760 1725 1791 monacense
1755 1760 1859 1790 cum

223 1823 360 1868 domo
381 1823 681 1882 probationis,
706 1823 1060 1881 ingolstadiense
1082 1830 1128 1867 et
1144 1822 1514 1879 oenipontanum.
1536 1823 1725 1867 Inferior
1741 1824 1861 1868 Ger-

224 1901 391 1955 mania,
415 1916 549 1958 quae,
574 1901 642 1945 uti
664 1900 799 1947 etiam
822 1900 1043 1957 superior,
1068 1907 1227 1957 postea
1252 1900 1300 1943 in
1322 1901 1435 1944 duas
1457 1899 1602 1944 divisa
1618 1900 1719 1953 fuit,
1752 1907 1861 1944 tunc

225 1978 441 2036 temporis
476 1978 949 2036 collegiisColoniae,
989 1977 1204 2030 Treviris,
1241 1977 1524 2034 Moguntiae,
1561 1977 1858 2034 Antverpiae,

224 2056 430 2109 Lovanii,
456 2055 654 2100 Tornaci
672 2063 718 2101 et
739 2055 975 2100 Cameraci
991 2056 1291 2100 coalescebat.

310 2135 449 2178 Anno
465 2133 607 2191 igitur
630 2134 758 2189 1562,
783 2148 810 2177 a
830 2132 1136 2191 menseJunio
1163 2132 1386 2189 incipiunt
1413 2132 1648 2189 epistolae,
1680 2147 1798 2188 quae
1814 2132 1861 2176 in

223 2211 398 2256 Natalis
421 2211 571 2255 officio
592 2225 673 2268 per
694 2210 968 2255 Germaniae
990 2210 1187 2267 collegia
1207 2217 1464 2255 versantur.
1490 2211 1541 2253 In
1564 2209 1618 2253 iis
1640 2211 1697 2253 de
1725 2211 1860 2254 domo

222 2287 405 2346 propria
426 2303 530 2332 cum
561 2289 729 2345 templo
758 2287 976 2333 Societati
1003 2288 1051 2331 in
1082 2288 1194 2331 urbe
1223 2286 1441 2331 Coloniae
1462 2286 1777 2343 procurandis,
1802 2287 1860 2330 de

226 2364 383 2422 majori
410 2364 458 2408 in
485 2365 777 2410 admittendis
813 2372 859 2409 et
896 2364 1187 2409 instituendis
1225 2363 1447 2408 tironibus
1469 2363 1709 2421 diligentia
1730 2363 1861 2408 adhi-

228 2442 378 2487 benda
414 2442 456 2500 (7
478 2443 624 2501 Jun.),
653 2448 742 2486 etc.
775 2442 996 2487 Defectus
1029 2441 1240 2498 equidem
1275 2441 1388 2485 varii
1417 2441 1464 2484 in
1501 2440 1859 2486 adolescentium

227 2518 513 2565 institutione
539 2520 965 2576 deprehenduntur,
997 2518 1035 2563 si
1073 2517 1281 2563 examina
1317 2517 1541 2562 sodalium
1570 2517 1787 2563 Coloniae
1815 2524 1861 2562 et

227 2595 334 2639 alibi
350 2596 648 2640 admissorum
668 2603 843 2642 attente
869 2596 1218 2640 considerentur
1248 2597 1278 2649 ¹;
1309 2597 1431 2652 quod
1454 2602 1579 2640 certe
1607 2603 1859 2651 temporum

222 2672 415 2729 injuriae
435 2679 482 2717 et
501 2674 726 2718 bonorum
747 2675 1083 2718 moderatorum
1104 2673 1322 2730 penuriae
1344 2672 1483 2716 tribui
1505 2673 1656 2715 debet.

314 2748 624 2806 Collegiorum
650 2750 923 2808 moguntini,
950 2749 1228 2803 trevirensis,
1252 2748 1620 2806 ingolstadiensis
1636 2755 1682 2791 et
1704 2762 1862 2792 mona-

297 2840 310 2862 ¹
359 2839 468 2875 Haec
486 2839 681 2886 examina,
699 2851 800 2887 quae
817 2839 858 2876 in
875 2839 994 2887 priori
1012 2839 1212 2875 volumine
1225 2838 1265 2874 in
1279 2837 1860 2883 annotationibussingularum

224 2898 480 2946 epistolarum
497 2898 691 2940 dedimus,
709 2898 898 2947 deinceps
920 2898 1162 2935 commodius
1186 2898 1270 2934 fore
1292 2897 1519 2934 censuimus
1536 2896 1666 2933 omnia
1683 2897 1798 2932 simul
1819 2897 1860 2932 in

221 2958 438 3007 appendice
456 2959 663 3000 collocare,
681 2969 732 2994 ne
749 2958 1022 2995 annotationes
1040 2958 1203 2994 nimium
1221 2962 1468 3004 excrescant,
1483 2962 1524 2993 et
1542 2962 1584 2993 ut
1598 2955 1752 2992 facilius
1769 2967 1861 2992 con-

223 3018 301 3054 suli
316 3018 474 3054 valeant
491 3018 540 3053 ab
558 3017 622 3063 iis,
639 3017 707 3064 qui
723 3018 883 3054 notitias
898 3017 947 3053 ad
959 3017 1087 3054 socios
1101 3017 1345 3065 pertinentes
1361 3016 1581 3064 exquirant.
1597 3015 1698 3051 Vide
1717 3026 1863 3062 appen-

228 3076 373 3124 dicem,
393 3090 436 3113 n.
460 3077 495 3114 Ι.
