2196 3522
301 261 348 307 76
863 257 908 291 P.
935 255 1124 291 NATALIS
1149 254 1369 291 EPHEMER.

240 385 242 387 ·
302 377 436 418 quam
458 361 643 404 dederat
665 359 722 402 ad
742 371 815 401 me
836 357 1005 409 literas,
1031 362 1128 400 erat
1149 355 1236 401 iter
1257 369 1521 413 aggressus.
1553 357 1744 400 Eramus
1772 371 1933 402 omnes

300 441 591 483 vehementer
627 434 804 479 soliciti.
847 435 1104 478 Orabamus
1134 439 1183 475 vt
1215 433 1334 477 bene
1359 433 1542 478 cederet
1561 432 1637 477 illa
1665 433 1817 477 subita
1835 434 1931 477 dis-

300 514 445 559 cessio
471 515 529 556 ¹.»

389 590 580 635 Absolui
618 588 920 634 visitationem
952 603 1120 645 magna
1148 603 1252 632 cum
1280 587 1534 631 animorum
1562 587 1856 633 renouatione
1883 596 1930 633 et

301 670 467 720 fructU,
492 669 581 711 X.0
607 666 796 723 gratiae.
823 664 1053 722 Respondi
1073 664 1284 708 omnibus
1310 663 1652 708 dificultatibus.
1684 665 1929 708 Habebam

299 746 345 789 in
366 744 560 788 maximo
582 743 776 800 collegio
799 743 1041 786 admodum
1064 756 1271 799 paruum,
1302 741 1654 793 incommodum,
1685 747 1730 784 et
1758 741 1929 784 humile

298 823 528 867 sacellum.
569 820 674 864 Dixi
700 827 750 863 vt
777 820 887 863 14⁷
916 819 1247 875 coniungerent
1282 817 1417 862 nouis
1453 817 1682 862 cubiculis
1715 818 1730 839 ²
1770 817 1931 863 aedifi—

298 899 417 943 cium
439 899 496 942 ad
517 897 735 942 rationem
758 896 928 952 templi,
953 903 999 939 et
1021 895 1083 939 ita
1105 896 1510 948 accommodatum,
1536 896 1682 940 donec
1710 909 1929 952 magnum

299 976 410 1019 illud
432 975 649 1031 templum
672 973 911 1018 aedificare
932 972 1122 1030 possint3
1148 973 1269 1028 quod
1290 972 1525 1025 successit,
1551 979 1637 1017 ete.

390 1052 497 1096 Dixi
518 1051 625 1096 item
645 1058 695 1093 vt
717 1057 1034 1107 separarentur
1056 1065 1082 1093 a
1098 1049 1292 1107 collegio
1313 1049 1463 1093 omnia
1479 1056 1769 1093 externorum
1786 1049 1931 1093 serui-

302 1130 379 1183 tia,
404 1136 555 1185 empta
575 1127 790 1184 contigua
812 1128 962 1179 domo,
988 1128 1045 1170 ad
1066 1126 1305 1183 pistrinum
1327 1133 1373 1171 et
1394 1126 1637 1170 clibanum.
1669 1125 1760 1170 Illis
1786 1126 1933 1171 seruis

301 1213 346 1251 et
383 1204 673 1261 mercenarijs
711 1206 725 1226 ³
756 1211 803 1247 vt
838 1219 956 1247 vnus
984 1211 1063 1247 aut
1092 1204 1204 1248 alter
1233 1219 1258 1247 e
1288 1203 1504 1247 fratribus
1539 1210 1782 1260 praeesset.
1819 1201 1926 1247 Fuit

301 1282 422 1339 vtiljs
444 1281 637 1338 collegio
657 1283 771 1325 haec
792 1280 1028 1337 separatio.
1054 1282 1201 1324 Datus
1221 1287 1291 1325 est
1317 1280 1391 1324 hic
1420 1282 1656 1338 catalogus
1682 1279 1929 1323 mortifica—

301 1360 489 1412 tionum,
519 1358 526 1417 Ι
554 1359 675 1414 quod
691 1357 891 1402 intellexi
899 1364 1056 1414 postea
1072 1357 1278 1402 attulisse
1293 1357 1570 1417 singularem
1580 1356 1820 1402 vtilitatem
1838 1356 1928 1400 fra-

302 1435 447 1479 tribus
468 1442 514 1479 et
536 1434 788 1478 animorum
810 1433 1129 1479 excitationem
1153 1434 1210 1478 ad
1231 1433 1445 1490 pietatem
1469 1435 1502 1478 ⁴.

391 1511 643 1568 Scripserat
664 1512 722 1554 ad
743 1526 816 1556 me
839 1513 891 1554 P.
918 1510 1159 1568 generalis,
1183 1518 1233 1554 vt
1253 1511 1477 1555 mitterem
1508 1511 1698 1566 aliquos,
1729 1509 1806 1567 qui
1834 1510 1930 1554 col—

301 1588 424 1645 legio
446 1602 631 1632 romano
653 1595 838 1644 possent
858 1602 959 1632 esse
979 1587 1127 1630 vtiles.
1159 1588 1227 1630 Ex
1256 1587 1538 1645 Portugallia
1564 1587 1667 1631 misi·
1693 1586 1929 1644 Perpinia-

304 1680 430 1718 num,
456 1679 590 1720 quem
612 1664 883 1708 videbantur
912 1678 1004 1707 non
1032 1678 1169 1720 aegre
1195 1663 1436 1709 dimittere.
1468 1663 1639 1721 Scripsi
1667 1664 1929 1717 Castellam,

302 1749 350 1784 vt
371 1741 603 1786 mitterent
623 1755 727 1785 cum
749 1740 825 1784 illo
854 1740 1118 1795 Marianam,
1150 1742 1384 1795 Acostam,
1416 1742 1572 1794 Paem,
1603 1740 1850 1794 Ramirum3
1882 1747 1928 1783 et

300 1817 492 1875 profecti
529 1825 652 1870 sunt,
693 1818 817 1860 nullo
852 1817 1177 1870 intercedente,
1218 1817 1393 1862 etiamsi
1429 1817 1734 1862 intelleximus
1768 1823 1925 1873 postea

301 1895 440 1939 fuisse
462 1896 519 1938 ab
540 1894 786 1951 hispalensi
814 1892 1023 1952 [missos],
1055 1894 1133 1950 qui
1170 1895 1347 1938 illorum
1383 1895 1499 1939 148
1525 1894 1611 1939 iter
1638 1893 1923 1951 impedirent:

299 1971 473 2029 egressi
494 1971 582 2015 iam
606 1972 785 2015 fuerant
807 1970 1054 2027 Hispaniae
1076 1972 1191 2016 fines
1214 1973 1245 2016 ⁵.

387 2048 493 2093 Vidi
514 2048 817 2105 praemiorum
834 2049 1204 2092 scholasticorum
1222 2049 1558 2094 exhibitionem.
1579 2049 1686 2094 Vidi
1701 2049 1810 2094 item
1826 2048 1926 2092 eni-

299 2132 503 2182 gmatum
524 2124 889 2181 propositionem.
915 2125 1218 2182 Disputarunt
1245 2126 1508 2183 philosophi.
1541 2125 1708 2171 Omnia
1731 2125 1930 2170 libenter

298 2201 393 2245 vidi
412 2208 459 2245 et
479 2201 684 2258 probaui.
710 2200 816 2245 Dixi
837 2208 886 2245 vt
905 2204 1068 2246 Petrus
1085 2204 1120 2246 F
1123 2217 1288 2247 onseca
1304 2203 1650 2248 commentarios
1665 2200 1924 2246 conseri-be-

299 2285 369 2323 ret
403 2279 419 2301 ⁶
448 2277 496 2321 in
522 2277 865 2334 philosophiam.
904 2277 1095 2334 Scripsit
1124 2286 1170 2323 et
1197 2279 1337 2323 edidit
1373 2278 1682 2323 institutiones
1719 2277 1927 2323 dialecti-

300 2369 391 2398 cas:
417 2354 571 2399 nescio
593 2369 652 2397 an
670 2353 860 2398 vlterius
880 2354 938 2397 sit
958 2369 1241 2412 progressus.

387 2429 664 2476 Renuntiaui
679 2431 1088 2488 rectoremcollegij
1099 2431 1321 2476 inferioris
1347 2432 1355 2490 Ι
1384 2433 1740 2476 P.Emanuel⁷em
1758 2431 1922 2475 Rodri—

299 2521 416 2564 gues
439 2509 470 2562 ⁷,
495 2506 673 2550 tametsi
700 2506 797 2563 ipse
824 2521 880 2550 ex
908 2507 1160 2552 humilitate
1188 2515 1434 2562 recusaret,
1465 2516 1511 2554 et
1538 2524 1588 2554 se
1616 2508 1786 2553 diceret
1821 2507 1921 2550 ido-

372 2646 382 2665 ¹
434 2643 691 2689 SAccnmus,
711 2644 786 2679 loc.
806 2643 890 2689 cit.,
910 2656 949 2678 n.
970 2653 1028 2679 22.

368 2704 383 2724 ²
433 2702 523 2747 Ms.,
542 2702 728 2738 cubiculi.
753 2702 814 2737 Ita
837 2702 1122 2738 emendandum
1147 2705 1220 2740 hoc
1244 2707 1408 2741 verbum
1438 2712 1548 2753 patet
1571 2718 1620 2742 ex
1645 2706 1707 2751 iis,
1737 2716 1837 2752 quae
1862 2703 1919 2739 fu-

298 2761 380 2797 sius
398 2760 446 2796 de
465 2761 603 2796 eodem
621 2759 780 2807 negotio
798 2760 956 2807 scripsit
972 2762 1094 2810 Nadual
1114 2763 1153 2799 in
1172 2764 1286 2811 epist.
1311 2764 1392 2811 137,
1410 2778 1452 2801 n.
1481 2774 1539 2802 10.

369 2822 383 2841 ³
433 2820 523 2864 Ms.,
541 2820 851 2856 mercennarii&

370 2880 385 2900 ⁴
434 2878 693 2923 SAccnmus,
713 2879 789 2914 loc.
813 2879 897 2923 cit.,
916 2892 954 2914 n.
975 2888 1033 2915 20.

370 2939 384 2958 ⁵
434 2937 691 2982 SACCfflNUS,
709 2938 783 2973 loc.
799 2938 882 2985 cit.,
901 2950 938 2973 n.
960 2938 1018 2974 23.

369 2998 384 3018 ὃ
434 2997 492 3031 Ms
502 3024 510 3031 .
523 3024 532 3042 ,
550 2997 845 3032 conscriberem.

371 3057 384 3076 ⁷
435 3055 524 3101 Ms.,
549 3054 765 3102 Rodriges.
