2196 3522
244 284 316 321 632
875 282 1015 318 Epist.
1042 280 1086 316 P.
1114 279 1266 321 Num„

243 385 483 442 peruenuti
511 400 536 428 a
565 384 655 427 mia
681 382 856 437 notitia,
887 389 934 427 et
962 382 998 426 si
1027 381 1146 427 uede
1173 383 1259 426 che
1285 381 1374 427 Dio
1406 381 1574 426 manda
1608 381 1652 426 le
1688 394 1887 437 persone

241 446 363 489 doue
389 444 466 500 piu
494 446 539 486 n’
571 444 596 487 e
624 443 670 486 di
697 442 908 500 bisogno,
939 449 986 486 et
1012 443 1073 485 ho
1103 442 1245 485 molto
1273 455 1378 485 caro
1409 443 1496 486 che
1523 442 1582 485 V.
1624 442 1678 484 P.
1717 439 1884 484 habbia

242 504 395 547 animo
432 503 478 546 di
507 503 618 546 farlo
646 503 810 547 fermar
837 501 885 545 in
913 501 1064 557 quella
1091 500 1217 554 citta,
1248 502 1367 545 nella
1395 501 1529 557 quale
1559 499 1752 544 facendo
1780 513 1883 543 esso

243 562 349 619 quei
384 563 508 605 buon
538 561 681 614 frutti,
716 575 797 617 per
824 575 947 606 esser
973 559 1238 617 principale,
1272 560 1406 604 uiene
1433 575 1460 604 a
1487 559 1785 616 comprender
1810 558 1883 602 in-

243 622 387 666 sieme
408 621 439 664 il
462 621 683 665 beneficio
705 622 763 665 de
785 621 849 678 gli
871 619 973 664 altri
994 619 1155 676 luoghi
1176 620 1222 663 d'
1246 619 1442 663 intorno.

337 682 525 737 Quanto
562 681 646 724 alle
684 694 790 725 cose
816 681 891 723 del
918 678 1126 732 concilio,
1158 680 1325 735 perche
1351 680 1395 723 la
1425 680 1478 722 Ρ.
1511 679 1569 722 V.
1601 691 1694 720 non
1730 676 1792 720 mi
1827 678 1886 720 ha

246 739 406 784 scritta
426 754 535 783 cosa
557 739 842 796 particolare‚
868 753 963 783 non
984 738 1046 782 mi
1068 739 1308 782 ostendero
1330 752 1468 782 ancor
1489 737 1533 781 io
1554 752 1581 781 a
1596 735 1884 793 ragionarne,

246 814 300 844 se
321 814 413 843 non
443 801 515 842 eh’
548 799 591 842 io
618 814 710 843 non
739 799 903 843 cederi)
930 798 1020 841 mai
1048 798 1106 841 ad
1134 799 1297 841 alcuno
1324 797 1372 841 in
1398 799 1542 842 hauer
1569 810 1674 840 caro
1702 801 1820 840 tutte
1846 795 1890 840 le

247 859 399 902 buone
420 858 788 903 determinationi
810 860 897 902 che
918 858 955 901 si
979 858 1168 902 faranno
1195 857 1241 900 in
1273 871 1391 909 esso,
1424 872 1450 900 a
1476 857 1611 900 laude
1638 856 1697 899 de
1722 854 1812 898 Dio
1843 860 1890 899 et

247 918 470 963 beneficio
495 918 768 971 uniuersale;
795 924 840 962 et
862 932 947 961 con
978 923 1140 973 questo
1169 917 1255 959 alla
1285 918 1339 960 P.
1371 918 1430 960 V.
1462 922 1635 972 quanto
1664 928 1798 971 posso
1825 913 1887 956 mi

248 977 611 1021 raccommando.
637 978 698 1021 Di
720 979 879 1031 Roma,
905 992 931 1020 a
953 977 999 1020 di
1021 990 1088 1021 vn
1112 976 1156 1019 d'
1181 977 1362 1033 Agosto
1390 976 1516 1031 1563.

1024 1049 1153 1080 come
1174 1035 1367 1088 fratello,

712 1096 976 1153 HIPQLITQ
1011 1108 1286 1140 CARDINALE
1318 1108 1367 1138 m
1400 1095 1646 1138 FERRARA.

339 1156 585 1211 Inscriptio
607 1156 657 1198 in
680 1158 847 1211 quarta
861 1156 1062 1212 pagina:
1084 1155 1144 1198 Al
1165 1155 1306 1197 molto
1329 1154 1444 1197 Rdo.
1466 1153 1630 1206 Padre,
1650 1166 1783 1197 come
1798 1152 1887 1195 fra—

249 1214 398 1317 tlello,t
415 1214 446 1257 il
484 1217 536 1259 Ρ.
571 1214 770 1272 [Lainez]
799 1214 1014 1271 generale
1042 1214 1160 1259 della
1186 1212 1548 1270 congregatione
1575 1213 1649 1256 del
1679 1213 1806 1271 Jesu.
1845 1211 1892 1255 A

297 1289 377 1318 ren
399 1288 440 1317 o.

972 1422 1182 1479 XV111(b

630 1516 691 1554 P.
735 1515 1046 1563 JOANNES
1085 1516 1168 1551 DE
1206 1513 1530 1554 POLANCO

906 1593 956 1640 ἐκ
973 1603 1249 1641 commissione

701 1708 886 1739 SANCTO
917 1709 1184 1754 FRANCISCO
1216 1709 1279 1739 DE
1312 1708 1464 1748 BORJA

734 1795 955 1849 Tridenfi,
983 1797 1008 1839 8
1031 1795 1237 1853 Augusti
1265 1808 1282 1840 Ι
1291 1796 1375 1851 563
1403 1797 1430 1839 ¹.

377 1897 684 1944 Primogenitus
705 1895 845 1932 Caroli
861 1898 908 1946 de
926 1896 1057 1944 Borja
1075 1897 1265 1933 Societati
1281 1909 1426 1933 nomen
1443 1897 1543 1932 dare
1560 1896 1779 1933 desiderat.

353 1986 424 2029 No
453 1985 561 2028 uino
590 1988 695 2041 aqui
723 1985 766 2029 la
798 1985 1128 2041 quadrimestre
1156 1986 1212 2029 de
1247 1986 1450 2039 Gaudia,
1481 1986 1539 2030 de
1572 1985 1615 2027 la
1652 1984 1757 2039 qual
1789 1985 1904 2029 haze

260 2044 466 2088 mention
488 2046 546 2089 V.
573 2046 646 2098 R.;
673 2060 702 2100 y
723 2059 907 2100 aunque
928 2059 977 2089 se
994 2052 1117 2089 torna
1138 2059 1221 2102 por
1241 2046 1372 2088 burla
1387 2046 1430 2088 la
1453 2044 1673 2088 uoluntad
1693 2044 1767 2088 del
1783 2058 1904 2088 mar-

262 2107 378 2160 ques
404 2104 462 2148 de
485 2105 704 2159 Lombay,
729 2103 822 2159 hijo
844 2105 858 2124 ²
884 2103 1026 2147 maior
1052 2105 1126 2148 del
1153 2111 1288 2148 senor
1310 2105 1479 2160 duque,
1505 2117 1594 2159 que
1620 2102 1721 2147 dize
1749 2102 1906 2158 quiere

261 2170 418 2208 entrar
440 2164 558 2208 nella
579 2164 846 2219 Compafiia,
874 2164 1056 2207 todauia
1073 2163 1246 2207 seruira
1268 2179 1375 2220 para
1404 2177 1492 2219 que
1521 2162 1843 2219 speeialmente
1862 2162 1908 2204 lo

261 2223 643 2267 encomendemos
665 2226 691 2265 a
714 2221 824 2266 Dios
846 2223 903 2266 N.
931 2224 1001 2278 S.,
1021 2237 1128 2279 para
1146 2237 1235 2279 que
1250 2223 1294 2267 le
1311 2224 1367 2267 de
1384 2221 1532 2279 gratia
1552 2222 1609 2265 de
1626 2222 1792 2264 mucho
1810 2224 1906 2265 ser—

267 2281 381 2326 uirle
403 2297 462 2326 en
483 2281 749 2338 qualquiera
771 2282 916 2338 grado
940 2296 1029 2339 que
1050 2296 1142 2327 sea.

343 2448 352 2468 ¹
404 2447 462 2482 Ex
486 2448 674 2494 Regesto,
705 2446 804 2483 Cod.
837 2457 880 2493 33
904 2448 963 2492 d),
990 2447 1062 2484 fol.
1091 2455 1175 2492 150.
1199 2447 1300 2484 Vide
1319 2447 1440 2494 epist.
1463 2457 1547 2494 294,
1575 2459 1615 2483 n.
1635 2457 1675 2483 2.
1698 2447 1820 2482 Estne
1843 2444 1907 2481 hic

267 2494 498 2530 Franciscus
513 2495 578 2531 ille
593 2495 898 2537 Francischitto,
914 2495 963 2531 de
981 2507 1058 2542 quo
1077 2495 1132 2531 ibi
1146 2507 1274 2531 sermo
1289 2494 1389 2531 erat?
1403 2494 1479 2531 Hic
1492 2495 1567 2531 fuit
1580 2499 1716 2530 sextus
1730 2492 1907 2530 Gandiae

266 2541 366 2611 duxi
386 2543 508 2625 Dhtiseo
522 2542 593 2637 61ξῶ
598 2542 637 2578 in
651 2542 711 2578 his
726 2543 1026 2588 MONUMENTIS,
1043 2543 1215 2580 Sanctus
1229 2544 1469 2579 Franciscus
1486 2543 1666 2594 Borgiaf
1678 2542 1710 2588 1,
1726 2539 1905 2587 340-347.

972 3351 1000 3405 ὃ
