2196 3522
1019 320 1111 366 1556
1837 330 1883 367 45

243 425 392 482 puede
409 422 560 476 sufn‘r,
580 430 668 468 etc.
689 424 830 468 dahos
862 423 1034 480 priessa
1063 430 1222 467 contra
1259 431 1383 468 estos
1400 423 1505 481 {scri
1518 449 1577 456 -—
1591 444 1608 464 υ
1621 431 1694 468 etc
1716 425 1744 467 ¹.
1765 425 1883 468 Nam

246 501 333 546 fuit
353 500 428 544 hic
449 501 597 544 bonus
618 501 773 544 Canus
794 501 1051 557 postulatus
1078 507 1216 556 atque
1244 502 1418 545 electus
1439 501 1486 544 in
1513 500 1776 558 episcopum
1793 502 1885 545 Ca-

245 578 516 623 nariensem:
541 584 842 634 conquestum
862 577 998 622 audio
1019 578 1141 634 quod
1162 592 1255 622 non
1270 585 1424 635 posset
1439 579 1617 622 labores
1639 577 1885 635 professio-

246 656 318 700 nis
339 654 597 712 theologiae
618 656 834 712 perferre,
860 655 982 712 quod
1011 669 1178 698 munus
1205 655 1339 699 docte
1370 661 1417 698 et
1443 669 1549 699 cum
1578 655 1724 712 gratia
1751 669 1886 712 gere-

246 734 339 778 bat.
365 733 623 778 Voluerunt
649 747 753 776 eum
783 731 984 775 fortassis
1007 732 1269 788 ablegatum
1291 746 1396 775 cum
1417 733 1590 776 honore
1617 732 1664 775 in
1691 732 1884 777 insulam

245 817 429 867 propter
455 809 752 854 dificultatem
790 808 979 866 ingenij.
1013 808 1177 853 Obiter
1206 808 1383 852 dixerat
1411 808 1475 851 illi
1511 808 1736 866 princeps:
1776 811 1884 863 «Te,

246 890 308 932 M.
342 889 483 940 Cane,
524 887 582 930 ad
618 887 788 943 majora
824 885 1149 930 destinamus.»
1181 886 1258 929 ⁷6
1292 887 1398 929 Hoc
1436 885 1545 930 fecit
1572 893 1638 939 vt,
1670 886 1887 943 postridie

245 979 382 1022 quam
403 970 525 1009 esset
540 970 832 1008 consecratus
860 962 1099 1019 episcopus
1122 962 1415 1016 canariensis,
1442 963 1709 1020 episcopatu
1733 979 1783 1008 se
1806 965 1886 1007 ab-

244 1042 431 1094 dicaret,
463 1042 587 1098 quod
613 1040 784 1084 caesari
806 1040 971 1084 Carolo
1002 1046 1048 1084 et
1082 1039 1293 1096 Philippo
1320 1042 1618 1085 vehementer
1639 1039 1884 1097 displicuit,

246 1134 332 1165 nec
354 1118 547 1176 amplius
567 1117 615 1161 in
636 1132 740 1163 eum
761 1116 961 1161 animum
984 1116 1266 1170 adiecerunt,
1291 1118 1366 1162 vel
1388 1117 1650 1175 cogitarunt
1672 1118 1730 1160 ad
1751 1117 1889 1161 alium

247 1196 558 1254 episcopatum
579 1195 836 1252 designare.
863 1193 985 1238 Hinc
1008 1201 1108 1238 orta
1131 1194 1333 1238 creditur
1351 1194 1396 1237 in
1414 1194 1661 1239 Araozium
1679 1194 1886 1247 offensio,

247 1274 345 1318 siue
366 1272 581 1330 suspicio,
599 1271 727 1315 illum
747 1271 869 1327 apud
892 1270 1152 1328 Philippum
1174 1271 1395 1328 impedire
1416 1287 1474 1316 ne
1502 1271 1731 1328 potentior
1759 1272 1889 1316 fieret

246 1350 486 1408 episcopus
513 1349 520 1408 Ι
548 1350 718 1394 Canus.
734 1350 886 1405 Quam
902 1348 1206 1404 suspicionem
1223 1349 1334 1392 scim
1342 1364 1393 1393 us
1409 1348 1597 1394 diluisse
1609 1348 1885 1406 Philippum:

248 1442 389 1484 quum
410 1427 531 1472 enim
552 1426 731 1471 audiret
747 1425 965 1482 conqueri
981 1426 1038 1469 de
1058 1426 1257 1470 Araozio
1273 1427 1469 1480 Canum,
1494 1425 1698 1482 «injuria,
1724 1425 1888 1482 inquit,

246 1504 541 1562 conqueritur
561 1505 617 1548 de
640 1503 837 1548 Araozio
859 1504 1031 1557 Canus3
1058 1503 1185 1547 illum
1207 1503 1363 1547 laudat
1386 1503 1628 1557 Araozius,
1653 1518 1746 1546 non
1767 1505 1891 1547 hunc

247 1583 449 1627 Canus.»

337 1661 666 1704 Perseuerante
693 1660 778 1702 hac
806 1659 920 1703 Cani
947 1657 1231 1702 animositate
1262 1658 1310 1702 in
1336 1672 1436 1711 nos,
1467 1657 1594 1702 venit
1622 1657 1890 1701 Tridentum

248 1738 306 1781 ad
333 1737 579 1781 secundam
607 1735 784 1792 concilij
815 1735 1236 1793 congregationem.
1268 1735 1335 1779 Ibi
1362 1736 1524 1781 volens
1552 1735 1677 1779 illum
1711 1736 1891 1792 placare

250 1815 304 1858 P.
326 1815 506 1870 Laynes
522 1827 627 1857 cum
644 1814 925 1866 Salmerone,
945 1813 1192 1857 etstudens
1208 1827 1277 1866 ea,
1291 1812 1458 1869 quibus
1479 1811 1719 1856 videbatur
1735 1812 1891 1856 Canus

250 1890 434 1944 offendi,
459 1890 650 1944 diluere,
675 1891 789 1935 adeo
811 1889 1043 1934 fastidiose
1065 1896 1111 1934 et
1127 1889 1422 1946 contemptim
1444 1904 1549 1933 cum
1571 1888 1680 1946 ipsis
1702 1888 1816 1945 egit,
1841 1897 1893 1931 vt

251 1982 420 2025 magna
441 1982 558 2024 opus
579 1966 893 2011 ha⁷2buerint
914 1966 961 2010 in
985 1981 1039 2011 eo
1062 1981 1314 2024 congressu
1338 1966 1572 2023 patientia.
1600 1966 1717 2009 Illud
1740 1973 1890 2010 tamen

212 2050 215 2052 “
251 2047 306 2089 Ρ.
326 2046 524 2101 Laynes,
542 2051 593 2087 vt
608 2050 706 2088 erat
721 2043 951 2101 ingenuus
973 2051 1112 2099 atque
1129 2050 1313 2100 apertus
1332 2044 1447 2088 ferre
1464 2058 1557 2087 non
1574 2042 1740 2100 potuit,
1770 2043 1891 2098 quod

247 2122 337 2166 iam
358 2135 450 2165 non
472 2128 569 2164 erat
592 2127 683 2165 tam
706 2120 753 2164 in
775 2135 858 2164 nos
881 2120 1261 2165 contumeliosum
1292 2134 1427 2176 quam
1455 2120 1503 2164 in
1530 2121 1685 2165 sedem
1708 2126 1892 2177 aposto—

249 2198 381 2242 licam
403 2197 635 2242 iniurium:
665 2197 860 2255 «abigite
889 2197 1017 2256 (dixit
1047 2197 1219 2254 Canus)
1248 2196 1359 2242 istas
1400 2197 1675 2250 nouitates»,
1702 2196 1893 2252 insimu-

249 2276 349 2319 lans
390 2275 564 2320 scilicet
605 2275 879 2321 Societatem
928 2273 1146 2318 nouitatis
1194 2273 1240 2317 in
1282 2273 1519 2331 religione.
1572 2275 1674 2318 Hoc
1721 2274 1894 2316 bonum

253 2353 307 2396 P.
334 2353 514 2409 Laynes
535 2352 650 2397 adeo
671 2351 912 2408 permouit,
939 2358 987 2394 vt
1007 2351 1242 2408 hispanice
1265 2350 1387 2395 illam
1409 2351 1639 2396 retaliaret
1655 2357 1895 2395 contume—

252 2429 358 2473 liam
384 2428 519 2473 «istas
550 2428 727 2486 (inquit)
755 2430 978 2474 merdas».
1012 2430 1069 2472 Et
1090 2430 1178 2472 hoc
1206 2427 1363 2473 dicens
1391 2428 1574 2486 reliquit
1610 2429 1805 2480 Canum3
1848 2434 1894 2472 et

256 2513 407 2549 tamen
422 2506 672 2549 non——²
688 2506 824 2550 domo
838 2520 1055 2563 egressus
1071 2512 1184 2558 erat,
1216 2504 1222 2563 Ι
1251 2519 1392 2561 quum
1409 2519 1514 2549 eum
1531 2504 1652 2548 illius
1669 2503 1894 2548 libertatis

256 2581 494 2639 poenituit.
535 2583 692 2639 Itaque
719 2582 916 2638 rediens,
956 2583 1229 2639 prouolutus
1251 2582 1266 2603 ³
1296 2581 1550 2639 postulauit
1579 2582 1635 2625 ab
1665 2581 1741 2623 illo
1769 2581 1786 2601 ⁴
1812 2596 1894 2624 ve-

254 2659 390 2703 niam.
412 2660 514 2702 Hoc
537 2658 623 2702 fuit
645 2660 767 2715 apud
783 2660 961 2703 Canum
985 2666 1115 2703 atrox
1136 2658 1324 2711 crimen,
1350 2664 1396 2702 et
1417 2659 1474 2702 de
1492 2673 1582 2715 quo
1603 2656 1896 2713 hyperbolice

251 2750 333 2793 per
355 2734 656 2792 aposiopesim
678 2736 848 2780 referre
870 2737 986 2781 solet
1007 2742 1053 2782 et
1074 2735 1307 2792 conqueri.

327 2839 338 2858 ¹
390 2835 470 2882 Sic,
496 2836 620 2871 verbo
642 2834 894 2884 incompleto.
921 2837 1040 2873 Forte
1063 2836 1214 2873 scribas
1236 2848 1262 2882 y
1278 2835 1461 2883 fariseos
1485 2834 1730 2881 subintelligi
1760 2834 1897 2871 voluit.

250 2894 362 2931 Haec
379 2895 502 2930 verba
514 2893 679 2940 hispano
697 2905 878 2931 sermone
891 2896 1038 2943 scripta
1056 2894 1203 2931 suntin
1220 2894 1416 2941 margine.

323 2956 338 2976 ²
389 2954 460 2989 Est
477 2953 540 2990 hic
563 2954 728 2989 verbum
752 2951 918 2990 obscure
942 2955 1146 3002 scriptum,
1171 2954 1276 3002 quod
1294 2957 1384 2990 erat
1407 2953 1620 3001 legendum
1638 2952 1806 2998 videtur;
1827 2952 1897 2988 sed

254 3012 420 3049 inferius
438 3012 632 3060 repetitur
649 3011 754 3047 idem
771 3014 949 3050 verbum.

330 3073 345 3094 ³
394 3073 492 3115 Ms.‚
507 3071 789 3120 prouolutiuS.

331 3133 347 3153 ⁴
395 3132 497 3177 Ms.‚
515 3143 542 3167 a
559 3131 645 3166 illo.

405 3201 518 3230 prsr.
538 3201 575 3231 P.
595 3201 732 3238 ΝΑῡΛι,
751 3208 828 3230 τοι.
847 3200 892 3230 11.
1704 3202 1722 3229 5
