2196 3522
337 293 381 321 12
901 282 945 317 P.
970 281 1159 317 NATALIS
1183 281 1402 316 EPHEMER.

333 394 557 440 exortum,
587 384 594 443 1
622 392 667 428 et
689 386 746 429 ad
767 399 847 428 ver
869 383 1137 428 iuberentur
1155 383 1314 427 adesse
1332 384 1506 427 Romae
1526 385 1703 437 Patres,
1730 383 1803 440 alij
1827 383 1974 429 redie-

333 470 441 507 runt
457 463 513 507 ad
534 477 617 506 sua
637 461 900 514 ministeria,
927 460 998 516 alij
1024 462 1081 504 ab
1103 459 1331 504 destinato
1345 459 1508 506 itinere
1522 460 1810 505 destiterunt.
1831 461 1971 506 Solus

333 539 509 585 Natalis
529 538 654 582 venit
675 540 865 582 Romam
888 537 1089 582 terrestri
1116 539 1127 559 ¹
1152 536 1314 582 itinere
1339 552 1421 594 per
1447 536 1660 591 Galliam,
1686 551 1777 593 quo
1801 538 1966 593 fuerat,

332 619 420 662 iam
442 624 576 661 antea
598 631 734 672 quam
756 616 990 660 audiretur
1006 616 1062 659 de
1077 615 1205 659 obitu
1224 614 1373 659 Patris
1390 614 1575 672 Ignatij,
1593 622 1831 660 venturus.
1852 616 1967 660 Per-

331 694 458 739 venit
480 696 667 738 Romam
692 695 744 737 P.
771 692 946 737 Natalis
969 705 993 736 2
1023 692 1306 736 Decembris.
1342 691 1507 736 Literis
1536 691 1687 736 Patris
1712 691 1869 736 vicarii
1897 699 1968 738 est

333 771 641 830 significatum
668 770 902 825 Societati‚
927 779 977 813 vt
1004 785 1162 816 omnes
1186 772 1347 815 Patres
1373 784 1559 827 operam
1586 770 1748 815 darent
1773 772 1967 814 Romam

330 857 381 892 vt
402 849 694 906 peruenirent
715 849 771 894 ad
794 849 819 891 8
841 847 938 892 dies
968 854 1070 903 post
1092 849 1274 903 pascha,
1299 850 1387 892 hoc
1408 854 1494 901 est,
1526 848 1583 892 ad
1611 857 1662 902 15
1685 846 1805 892 diem
1832 846 1969 904 Apri-

333 925 389 969 lis
410 926 512 982 plus
533 925 698 968 minus.

426 1047 506 1089 42
1076 1050 1220 1097 [15]5·7

422 1161 659 1203 Venerunt
680 1160 869 1202 Romam
890 1158 1085 1215 primum
1107 1174 1134 1203 e
1155 1158 1304 1203 Gallia
1327 1160 1380 1203 P.
1411 1158 1687 1203 Paschasius
1708 1165 1754 1203 et
1778 1160 1828 1202 P.
1853 1157 1967 1203 Vio-

333 1237 401 1280 las
427 1236 710 1281 hebdomada
735 1242 907 1279 sancta:
938 1236 1042 1280 dein
1071 1252 1097 1281 e
1127 1236 1375 1282 Germania
1402 1238 1456 1281 P.
1490 1236 1718 1289 Canisius,
1750 1237 1804 1280 P.
1836 1236 1966 1280 Gau-

334 1315 480 1357 danus
496 1328 549 1357 ac
567 1315 619 1357 P.
642 1313 854 1357 Lanoius:
880 1314 1069 1358 Colonia
1094 1316 1147 1358 Ρ.
1173 1314 1456 1359 Leonardus:
1481 1313 1690 1358 Louanio
1718 1315 1772 1358 P.
1799 1313 1967 1358 Adria-

334 1406 436 1436 nus.
464 1393 629 1435 Postea
665 1391 789 1434 venit
819 1394 871 1435 P.
907 1391 1079 1437 Simon:
1117 1400 1346 1449 postremo
1382 1407 1440 1437 ex
1466 1390 1622 1437 Sicilia
1651 1393 1704 1435 P.
1735 1393 1968 1435 Domene—

335 1471 448 1512 chus
471 1483 523 1512 ac
547 1471 599 1513 P.
626 1468 865 1513 Vinchius.
900 1471 969 1513 Ex
996 1469 1220 1527 Hispania
1243 1470 1396 1514 nullus
1423 1469 1566 1523 venit,
1595 1469 1678 1514 sed
1698 1468 1920 1513 miserunt
1950 1469 1967 1490 ²

334 1547 574 1602 quemdam
596 1547 779 1591 fratrem
802 1560 906 1590 cum
928 1547 1106 1601 litteris,
1133 1546 1300 1603 quibus
1320 1547 1476 1591 multis
1502 1546 1755 1591 rationibus
1776 1559 1970 1590 excusa-

336 1630 440 1666 runt
462 1624 583 1679 quod
605 1624 662 1666 ad
678 1623 1005 1680 praescriptum
1026 1622 1237 1683 [tempus]
1263 1640 1356 1668 non
1383 1631 1570 1681 possent
1601 1624 1776 1676 adesse,
1800 1623 1970 1667 multas
2030 1623 2035 1630 '

332 1708 565 1757 praeterea
592 1715 752 1743 causas
779 1708 1102 1757 proponenteS,
1137 1702 1305 1758 quibus
1334 1701 1420 1746 sibi
1446 1701 1689 1746 videbatur
1716 1715 1817 1746 esse
1844 1701 1860 1722 ⁸
1883 1714 1968 1758 po-

334 1777 423 1821 tius
457 1779 714 1834 generalem
742 1777 748 1836 Ι
776 1779 1181 1836 congregationem
1218 1780 1266 1822 in
1306 1779 1575 1836 Hispaniam
1602 1778 1963 1823 conuocandam.

335 1856 463 1898 Haec
484 1855 677 1911 primum
703 1855 845 1900 literis
873 1871 977 1900 cum
1008 1857 1341 1914 accepissemus
1369 1857 1488 1915 (nam
1517 1857 1703 1900 morbus
1728 1855 1966 1913 paululum

331 1932 523 1976 Genuae
540 1928 723 1976 fratrem
745 1933 954 1990 detinuit)
971 1934 1266 1991 congregatis
1281 1934 1514 1992 professis,
1535 1933 1800 1978 absentibus
1816 1933 1967 1976 adhuc

333 2010 385 2052 P.
428 2008 638 2062 Simone,
669 2012 962 2054 Domenecho
990 2026 1043 2055 ac
1072 2011 1270 2056 Vinchio
1297 2012 1331 2067 ⁴,
1363 2018 1644 2057 censuerunt
1677 2009 1840 2067 reliqui
1873 2024 1965 2053 non

330 2098 431 2129 esse
453 2085 499 2127 in
528 2086 794 2142 Hispaniam
822 2090 1039 2132 eundum.
1068 2091 1122 2133 P.
1154 2090 1399 2144 Polancus‚
1423 2088 1634 2134 adductis
1654 2087 1703 2132 in
1727 2094 1968 2143 Vtramque

330 2169 504 2218 partem
526 2162 792 2218 rationibus,
818 2165 1017 2209 incertae
1039 2166 1294 2212 sententiae
1316 2166 1417 2210 fuit.
1445 2168 1499 2210 P.
1526 2167 1706 2222 Laynes
1727 2166 1784 2209 de
1801 2179 1851 2209 re
1872 2165 1968 2208 fere

329 2238 443 2281 nihil
463 2238 592 2282 dixit:
619 2246 795 2284 tantum
818 2256 867 2286 se
887 2235 1008 2285 'dixit
1030 2250 1237 2299 paratum
1263 2250 1314 2286 vt
1343 2243 1392 2287 in
1412 2243 1681 2300 Hispaniam
1702 2242 1803 2286 iret.
1830 2241 1969 2287 Solus
2018 2255 2023 2260 ·

331 2314 506 2359 Natalis
543 2318 836 2362 vehementer
864 2319 1101 2363 contendit
1114 2320 1174 2373 *in
1204 2320 1475 2378 Hispaniam
1502 2321 1722 2373 eundum,
1753 2304 1966 2362 adductis

330 2392 486 2436 multis
509 2392 659 2436 causis
683 2395 715 2436 ⁵.

300 2456 312 2465 ’
420 2469 502 2512 43
523 2470 721 2513 Rursum
744 2472 903 2516 eodem
924 2473 996 2518 die
1018 2475 1075 2519 de
1097 2477 1255 2521 eadem
1283 2491 1334 2521 re
1354 2482 1508 2520 actum
1529 2481 1616 2529 est,
1641 2488 1694 2518 ac
1714 2487 1896 2517 rursum
1916 2473 1964 2516 in

330 2546 489 2590 eadem
512 2546 695 2590 fuerunt
716 2550 942 2593 sententia
969 2551 1130 2608 reliqui
1153 2554 1326 2597 Patres.
1351 2553 1579 2596 Polancus
1605 2551 1813 2596 nonnihil
1837 2550 1967 2595 visus

330 2629 400 2667 est
426 2622 474 2666 in
502 2623 677 2667 Natalis
702 2626 973 2670 sententiam
1001 2628 1234 2675 inclinare.
1262 2629 1575 2674 Constitutum
1603 2620 1746 2687 igitur
1776 2635 1847 2674 est
1872 2643 1966 2673 non

405 2790 415 2810 ¹
467 2789 557 2836 Ms.‚
577 2791 753 2826 terresti-

400 2850 414 2869 ⁹
463 2848 588 2884 Recte
605 2850 713 2896 prius
731 2849 888 2897 scripsit
906 2852 1028 2889 Nadal
1047 2855 1119 2890 hoc
1143 2857 1327 2892 verbum.
1356 2856 1500 2893 Postea
1518 2858 1751 2894 cancellavit
1771 2858 1964 2905 syllabam

328 2909 442 2948 runt,
462 2907 533 2942 sed
551 2907 684 2944 statim
701 2907 827 2954 digito
845 2908 989 2946 lineam
1006 2912 1173 2951 delevit.

400 2966 415 2986 ³
464 2966 551 3002 Hoc
569 2968 734 3003 verbum
747 2978 951 3014 perperam
969 2973 1161 3018 repetitur
1178 2974 1296 3012 infra.

401 3025 418 3046 ⁴
466 3025 558 3073 Ms.‚
585 3027 746 3063 Vnchio.

400 3085 415 3106 ⁵
463 3085 524 3120 De
541 3085 601 3122 his
620 3086 879 3134 SAccmNUS‚
900 3089 1006 3126 Hist.
1029 3091 1130 3135 Soc„
1150 3101 1251 3140 part.
1276 3096 1327 3140 11,
1346 3094 1418 3132 lib.
1442 3106 1469 3143 1,
1491 3110 1532 3134 n.
1557 3098 1618 3144 67.

2189 2791 2196 2800 υ
2188 2755 2193 2757 1
2180 2615 2196 2722 (Ab.
2182 2543 2196 2585 ..³⁷
2193 2502 2196 2503 .
2183 2415 2196 2460 -.;.’
2171 2339 2196 2372 ξ’.
2184 2300 2188 2304 *
2186 2263 2196 2266 ;
2188 2226 2191 2230 -
