2196 3522
0 2338 6 2351 ’ν
0 2279 3 2285 ⁴
0 2237 6 2254 ’ν
0 1795 20 2223 '’ww-,z-
0 1124 17 1777 F'va-rqvmmpyw-aae-wtwu-wnt

74 1292 81 1300 .

892 262 1119 302 ,ΑΡΡΕΝΜΧ
1411 223 1424 237 =
1751 246 1826 299 663

189 367 266 415 noi
287 367 361 410 dia
393 365 540 423 gratia
561 366 607 409 di
627 367 798 422 posser’
829 364 1017 410 seruirle
1043 378 1220 422 sempre
1247 377 1334 407 con
1362 363 1572 420 maggior
1601 362 1758 407 fauore
1789 363 1822 405 ¹.

189 429 255 472 Le
276 427 458 483 piacera
478 426 647 469 salutar
668 426 710 470 el
730 427 792 469 P.
824 425 1051 470 Generale
1077 438 1165 468 con
1187 422 1294 468 tutti
1320 422 1352 466 li
1381 422 1498 475 altri,
1529 421 1616 466 alle
1644 420 1720 464 cui
1741 421 1823 466 de-

189 493 297 530 uote
329 484 521 529 orationi
542 484 604 527 mi
626 484 928 528 raccomando
964 498 1157 540 sempre.
1181 485 1253 528 De
1286 482 1487 539 Dilinga,
1511 481 1542 524 li
1575 481 1632 524 26
1658 480 1705 524 di
1725 480 1839 526 Ge-=

188 560 300 589 naro
323 559 373 589 M.
399 560 445 588 D.
471 558 581 588 va.

279 604 338 648 Di
360 605 418 648 V.
446 605 498 647 P.
525 605 580 647 R.
605 601 1012 648 affettionatissimo
1032 601 1079 644 in
1100 602 1218 657 Xpo.
1244 601 1436 653 fratello,

905 662 954 706 11.
985 674 1225 706 CARmNAL
1247 662 1294 704 D'
1325 661 1581 703 AUGUSTA.

277 723 318 764 A
341 725 484 778 tergo,
506 735 650 763 manu
671 722 731 763 P.
767 721 976 763 Pola'nci.
1022 720 1149 775 1565.
1174 720 1263 764 Del
1290 719 1502 762 cardenal
1530 719 1588 761 de
1618 718 1818 774 Agusta.

191 781 263 825 26.
291 782 452 824 Enero.
478 780 783 823 Desz'deratur
805 780 1055 836 inscripiio‚
1076 779 1154 822 sed
1174 778 1463 836 obsignatam
1481 779 1638 836 fuisse
1660 777 1824 832 episto-

191 842 283 883 lam
306 844 346 883 et
362 840 516 897 sigillo
536 840 761 882 munitam
783 839 904 882 clare
924 841 1129 894 apparet.

923 986 1091 1030 XLVII

639 1080 1075 1117 STANISLAUS
1112 1079 1364 1118 HOSlUS

776 1157 982 1193 cardinalis
1000 1156 1231 1193 varmiensis

516 1249 715 1280 PATRI
763 1249 1010 1290 JOANNI
1058 1249 1137 1280 DE
1184 1248 1494 1279 POLANCO

620 1324 934 1381 Heilsbergae,
962 1337 1012 1380 31
1040 1324 1191 1368 Martii
1219 1324 1327 1379 1565
1353 1324 1386 1366 ³.

194 1391 388 1449 Laetatur
404 1414 452 1449 de
480 1413 575 1448 novi
593 1412 797 1460 pontificis
820 1413 1022 1449 electione:
1048 1413 1095 1449 de
1121 1412 1315 1448 Patribus
1336 1412 1492 1458 Sunyer
1517 1414 1554 1447 et
1581 1411 1819 1446 Hostovino.

280 1491 392 1534 Rde.
422 1492 557 1533 Pater
578 1489 625 1532 in
652 1489 836 1534 Christo
868 1489 1131 1535 charissime
1161 1496 1207 1534 et
1234 1489 1514 1532 honorande.
1547 1489 1751 1534 Salutem
1780 1496 1827 1533 et

190 1549 340 1593 omnia
362 1548 553 1593 foelicia.
580 1550 708 1605 Quas
730 1550 787 1592 ad
808 1564 879 1593 me
900 1548 1032 1592 binas
1061 1551 1113 1593 P.
1146 1550 1204 1594 V.
1240 1548 1365 1592 dedit
1397 1547 1567 1601 literas,
1609 1548 1658 1591 18
1692 1555 1738 1590 et
1775 1559 1829 1602 14

192 1609 367 1653 calend.
395 1607 627 1651 Februarii
649 1609 793 1662 datas,
818 1623 899 1652 eae
921 1608 1030 1651 mihi
1053 1608 1254 1653 redditae
1277 1615 1383 1651 sunt
1413 1608 1463 1651 16
1486 1607 1661 1651 calend.
1688 1606 1827 1663 Apri—

191 1668 260 1711 lis.
288 1668 431 1712 Valde
454 1667 563 1710 mihi
585 1675 765 1723 gratum
787 1674 832 1712 et
854 1667 1106 1711 iucundum
1130 1667 1214 1710 fuit
1244 1683 1297 1712 ea
1326 1681 1592 1723 agnoscere,
1626 1680 1742 1721 quae
1770 1666 1829 1710 de

192 1727 303 1771 noui
324 1726 550 1782 pontificis
571 1726 790 1770 electione
817 1726 996 1783 scripsit
1027 1726 1271 1783 copiosius.
1304 1725 1422 1782 Quis
1450 1733 1602 1769 autem
1632 1732 1716 1777 est,
1748 1725 1826 1781 qui

192 1786 398 1829 dubitare
420 1792 556 1840 queat
577 1787 663 1828 hoc
685 1801 711 1828 a
732 1785 927 1829 Domino
950 1787 1119 1829 factum
1141 1788 1262 1830 esse?
1284 1787 1461 1829 Reuera
1485 1785 1585 1828 talis
1614 1785 1824 1837 decebat,

191 1853 239 1888 vt
261 1852 380 1889 esset
402 1846 487 1888 hoc
508 1852 663 1888 nostro
685 1846 865 1889 saeculo
888 1845 1107 1901 pontifex,
1133 1852 1333 1897 sanctus,
1354 1845 1590 1896 innocens,
1611 1844 1825 1899 impollu-

192 1912 281 1958 tus,
316 1910 586 1960 segregatus
614 1919 640 1946 a
669 1904 997 1960 peccatoribus,
1029 1912 1074 1949 et
1105 1904 1182 1960 qui
1210 1919 1344 1960 quam
1382 1903 1584 1960 proxime
1622 1904 1678 1946 ad
1718 1917 1823 1947 eum

191 1964 443 2014 accederet,
474 1963 551 2018 qui
580 1964 726 2006 faetus
753 1970 823 2007 est
849 1963 986 2008 coelis
1013 1964 1232 2008 excelsior
1259 1965 1292 2015 ³,
1325 1969 1389 2015 vt,
1430 1962 1561 2005 cuius
1594 1961 1741 2006 vicem
1776 1962 1823 2005 in

193 2021 324 2067 terris
345 2021 479 2078 gerit,
504 2021 602 2065 eius
622 2023 880 2078 exemplum
901 2022 948 2065 in
969 2023 1063 2067 suis
1079 2022 1280 2066 moribus
1298 2022 1428 2065 nobis
1446 2023 1653 2074 referret,
1673 2035 1824 2076 neque

192 2080 397 2124 doctrina
418 2080 564 2136 magis
584 2095 718 2136 quam
740 2081 833 2124 vita
853 2081 984 2138 gregi
1005 2097 1090 2126 suo
1111 2082 1321 2139 praeiret,
1345 2095 1398 2124 ac
1416 2089 1620 2124 errantes
1638 2080 1685 2122 in
1702 2080 1822 2124 viam

193 2141 446 2184 reduceret.
472 2142 571 2184 Deo
593 2140 766 2196 gratiae
787 2148 893 2183 sunt
915 2142 1138 2198 agendae,
1163 2141 1294 2184 cuius
1316 2142 1402 2183 hoc
1431 2148 1500 2183 est
1532 2139 1822 2192 beneficium;

191 2199 269 2255 qui
290 2198 424 2242 simul
446 2213 473 2242 a
493 2199 626 2242 nobis
648 2200 927 2255 praecandus
948 2207 1032 2252 est,
1058 2208 1107 2243 vt
1128 2208 1371 2244 conseruet
1393 2214 1496 2244 eum
1520 2213 1572 2242 ac
1601 2198 1823 2251 viuificet,

193 2260 250 2302 ad
272 2258 489 2302 ecclesiae
511 2273 620 2301 suae
640 2258 794 2302 multis
814 2258 961 2303 modis
983 2259 1174 2303 afflictae
1196 2258 1567 2303 consolationem.

281 2319 351 2360 De
375 2319 427 2360 P.
454 2317 694 2360 Francisco
717 2318 881 2362 Sunier
903 2318 919 2339 ⁴
941 2318 1100 2375 scripsi
1123 2318 1347 2375 prioribus
1369 2317 1510 2361 literis
1533 2316 1645 2360 meis
1669 2318 1722 2359 P.
1750 2317 1826 2367 V„

194 2376 315 2432 quod
338 2377 492 2419 saluus
514 2377 571 2419 ad
592 2391 678 2420 nos
699 2377 973 2432 peruenerit3
998 2378 1160 2423 vellem
1183 2384 1335 2422 autem
1358 2392 1447 2420 vna
1468 2377 1541 2421 vel
1559 2377 1699 2419 altera
1716 2376 1826 2419 heb-

192 2436 386 2478 domada
407 2434 540 2478 citius
562 2435 776 2489 venisset,
803 2437 992 2481 fortasse
1014 2438 1168 2481 schola
1190 2443 1345 2480 nostra
1366 2436 1582 2492 dissipata
1604 2449 1696 2477 non
1714 2434 1827 2477 fuis·

193 2501 276 2537 set.
303 2495 406 2538 Non
428 2494 587 2536 dubito
610 2494 719 2550 quin
741 2509 835 2537 rem
864 2509 1043 2542 omnem
1072 2496 1167 2540 suis
1198 2496 1294 2552 ipse
1324 2495 1466 2540 literis
1499 2492 1826 2550 perscripserit,

193 2553 274 2597 sed
295 2559 587 2596 reuertuntur
618 2561 767 2596 tamen
794 2553 947 2609 aliqui,
973 2569 1076 2611 spes
1103 2555 1358 2599 ostenditur
1384 2555 1535 2610 plures
1566 2559 1667 2609 post
1697 2566 1827 2595 men-

193 2626 288 2656 sem
311 2627 451 2655 vnum
475 2619 702 2656 venturos.
730 2612 836 2656 Fuit
857 2627 1035 2656 mecum
1063 2628 1142 2670 per
1171 2628 1307 2657 vnam
1336 2614 1409 2656 vel
1437 2613 1623 2656 alteram
1654 2611 1822 2655 hebdo-

194 2671 386 2714 madam.
412 2671 616 2726 Septimo
636 2672 811 2715 calend.
837 2672 1006 2728 Aprilis
1021 2674 1255 2728 profectus
1273 2679 1342 2716 est
1361 2671 1581 2722 Plociam,
1602 2669 1832 2713 rediturus

193 2737 295 2786 post
320 2731 434 2774 festa
456 2730 697 2786 paschatis.
724 2732 860 2775 Pater
881 2746 990 2776 vero
1012 2732 1254 2776 Balthazar
1273 2733 1287 2754 ⁵
1304 2732 1464 2776 eodem
1482 2730 1555 2773 die
1574 2730 1831 2773 Brunsber—

266 2851 276 2870 ¹
327 2848 406 2891 Sic;
418 2847 608 2895 fer-vore?

260 2898 274 2917 ²
325 2896 383 2931 Ex
401 2895 627 2941 archetypo,
646 2894 686 2931 in
707 2895 806 2931 Cod.
832 2895 892 2941 38,
911 2895 1057 2943 duplici
1074 2895 1144 2933 fol.
1156 2925 1166 2943 ,
1188 2905 1255 2932 110
1272 2895 1390 2942 (193).

263 2943 277 2964 ⁵
326 2943 469 2978 EP1sT.
494 2951 551 2977 AD
569 2943 706 2978 HEBR.
719 2971 729 2989 ‚
747 2943 837 2986 VII,
856 2942 919 2978 26.

260 2991 276 3012 ⁴
326 2989 426 3025 Vide
445 2989 530 3035 ejus
548 3001 713 3025 examen
732 2989 772 3026 in
790 2989 984 3037 append.,
1002 2990 1038 3026 1.
1064 3031 1066 3035 .

256 3038 274 3059 ³
322 3038 523 3073 Balthasar
541 3037 803 3073 Hostovinus.
828 3037 929 3072 Vide
947 3036 1032 3083 ejus
1050 3037 1256 3084 epistolam
1273 3038 1347 3074 sub
1365 3049 1408 3073 n.
1433 3036 1503 3083 348
1514 3064 1522 3073 .
1581 3069 1591 3080 ,
