2196 3522
1959 0 1978 4 ⁴*
1996 0 2196 52 ,πςιςιτψῖξνῃ

320 265 364 310 56
881 263 925 298 P.
955 262 1144 298 NATALIS
1170 256 1391 298 Ebusum.

317 366 568 410 socordiam
606 364 1025 421 intercipiebantur,
1056 365 1130 408 vel
1167 364 1225 407 ad
1253 378 1367 421 quos
1395 365 1694 410 mittebantur
1716 363 1795 418 illi,
1815 363 1880 407 illi
1903 363 1962 408 ad

320 446 500 486 Patrem
543 442 836 486 remittebant
871 442 1141 485 damnantes
1183 440 1364 485 illorum
1409 443 1598 486 Patrum
1639 440 1963 498 importunita-

317 527 425 572 tem,
450 526 537 563 etc.
564 520 678 562 Illud
700 519 808 563 item
830 534 910 576 per
927 518 1074 563 socios
1096 519 1212 562 fidos
1237 520 1398 563 fratres
1420 518 1671 576 prouisum,
1696 525 1746 562 vt
1770 518 1959 563 resciret

320 598 456 640 Pater
477 596 673 640 vicarius
695 597 753 640 ad
774 611 891 652 quos
913 596 1148 641 venissent
1169 598 1198 640 ¹.

408 675 498 717 Res
521 689 575 718 eo
597 673 684 718 iam
707 674 957 718 deuenerat
978 681 1028 717 vt
1044 674 1101 717 ab
1125 673 1361 718 Bobadilla
1382 673 1446 716 illi
1463 686 1491 728 4
1509 675 1670 718 Patres
1691 673 1956 725 deficerent,

320 750 610 804 Paschasius,
630 751 758 795 100
781 750 955 805 Simon,
981 750 1130 803 Viola,
1156 751 1403 795 Adrianus.
1425 752 1531 795 Non
1550 757 1701 794 tamen
1719 756 1962 806 propterea

318 827 402 871 soli
434 827 728 885 imperatores
760 828 980 881 deterriti,
1016 829 1097 873 sed
1135 828 1336 872 animum
1374 828 1644 872 confirmare
1675 826 1891 880 vicissim,
1916 833 1964 872 et

318 905 538 949 acriorem
566 920 767 962 pugnam
796 921 970 963 parare:
1003 906 1156 962 itaque
1183 913 1318 949 vocat
1339 905 1386 948 in
1414 905 1486 949 ius
1516 903 1756 949 Bobadilla
1779 906 1961 948 Patrem

318 981 554 1035 vicarium,
580 984 714 1026 effert
731 982 950 1038 libellum,
976 998 1060 1026 nos
1081 983 1233 1027 verbis
1256 983 1456 1028 refutare
1487 981 1771 1039 apertissima
1793 980 1960 1036 omnia,

319 1060 443 1115 quod
464 1059 631 1105 dificile
653 1075 749 1103 non
776 1067 888 1113 erat,
920 1060 1148 1106 dicentem
1172 1060 1452 1104 Bobadillam
1475 1061 1532 1104 de
1559 1059 1770 1103 instituto
1798 1059 1958 1103 confu-

322 1143 432 1190 tare,
464 1151 490 1180 a
520 1151 611 1193 quo
645 1151 824 1194 semper
853 1138 938 1181 fuit
966 1137 1157 1190 alienus,
1192 1137 1324 1182 cuius
1351 1152 1529 1194 semper
1566 1136 1653 1180 fuit
1679 1135 1965 1193 imperitissi-

322 1227 423 1256 mus
446 1214 478 1256 ².

408 1291 661 1335 Videbatur
696 1306 873 1336 summa
900 1291 907 1350 Ι
934 1292 1182 1349 indignitas
1214 1299 1260 1338 et
1291 1291 1504 1335 Patribus
1542 1298 1588 1335 et
1621 1291 1848 1348 carpensi,
1878 1291 1960 1335 sed

318 1367 559 1413 summisse
577 1368 662 1411 fuit
676 1369 866 1425 tempori
882 1370 1152 1413 cedendum.
1166 1371 1311 1426 Saepe
1329 1375 1523 1412 vocatus
1532 1368 1769 1412 Bobadilla
1785 1369 1843 1412 ad
1859 1382 1961 1412 car-

321 1459 523 1501 pensem,
549 1446 785 1490 Bobadilla
806 1461 1041 1502 nunquam
1061 1445 1203 1500 venit,
1230 1446 1407 1490 causari
1429 1461 1478 1490 se
1500 1460 1593 1489 non
1615 1460 1750 1502 posse
1787 1446 1961 1501 absque

319 1537 405 1565 suo
428 1523 651 1566 aduocato
672 1522 983 1566 iureconsulto
1013 1517 1174 1568 adesse
1210 1522 1397 1576 iudicio,
1433 1523 1559 1566 illum
1592 1536 1693 1567 esse
1725 1521 1891 1575 virum,
1913 1529 1963 1565 vt

320 1599 659 1655 grauissimum,
684 1599 748 1643 ita
774 1600 1189 1657 occupatissimum.
1217 1600 1403 1646 Veritus
1430 1599 1678 1657 carpensis,
1718 1615 1778 1644 ne
1808 1614 1864 1644 ex
1891 1599 1963 1643 his

318 1676 688 1720 contentionibus
723 1677 1045 1721 detrimentum
1082 1677 1288 1722 Societas
1324 1683 1585 1734 pateretur,
1627 1675 1963 1720 communicato

319 1752 445 1809 prius
476 1767 580 1796 cum
615 1754 827 1798 Patribus
854 1753 1064 1808 consilio,
1097 1755 1321 1798 aduocato
1350 1753 1611 1807 Bobadilla,
1644 1753 1710 1797 sic
1737 1751 1958 1798 decreuit.

322 1831 459 1874 Pater
480 1831 593 1874 101
613 1831 788 1888 (inquit)
808 1833 1003 1888 Laynes,
1024 1826 1287 1875 conuocatis
1304 1838 1350 1877 et
1364 1830 1520 1889 primis
1551 1838 1598 1875 et
1630 1830 1728 1875 aliis
1747 1829 1963 1875 Patribus

320 1907 379 1951 ad
415 1908 679 1961 concilium,
718 1923 875 1952 eorum
907 1901 1071 1953 auditis
1104 1908 1362 1965 sententijs,
1397 1908 1675 1954 Societatem
1713 1909 1959 1966 gubernet.

322 1985 662 2028 Confirmarunt
690 2000 848 2030 omnes
874 1985 1093 2030 vicarium
1123 1988 1180 2029 P.
1213 1987 1438 2042 Laynem,
1469 1991 1648 2042 praeter
1678 1983 1963 2029 Bobadillam

320 2068 369 2104 et
393 2061 608 2105 Pontium
632 2064 664 2106 ³.

414 2138 538 2182 Nihil
558 2139 815 2184 intercessit
838 2140 1086 2194 Bobadilla,
1112 2140 1193 2185 sed
1210 2139 1308 2185 eius
1329 2139 1559 2185 silentium
1589 2138 1813 2198 [timorem
1834 2137 1967 2182 nobis

323 2215 589 2274 incutiebat]
612 2230 670 2259 ne
702 2216 935 2260 moliretur
956 2216 1002 2259 id
1030 2218 1153 2273 quod
1180 2215 1388 2274 carpensi
1423 2223 1494 2260 est
1521 2216 1737 2269 minatus,
1777 2215 1864 2259 nisi
1893 2230 1968 2260 se-

322 2294 526 2346 cundum
542 2308 592 2337 se
609 2293 937 2349 pronuntiaret,
950 2309 999 2339 se
1016 2295 1072 2337 ad
1089 2308 1318 2337 summum
1335 2292 1597 2350 pontificem
1615 2292 1962 2349 appellaturum.

322 2371 483 2427 Itaque
505 2371 562 2415 de
583 2370 771 2414 consilio
794 2373 981 2414 Patrum
1004 2370 1147 2414 adiuit
1175 2371 1370 2414 Paulum
1400 2372 1452 2413 P.
1485 2370 1690 2426 Laynes,
1722 2383 1840 2425 quae
1868 2375 1967 2412 tur-

325 2447 535 2491 bauerint
572 2448 807 2491 Bobadilla
844 2455 889 2492 et
918 2447 1110 2491 Pontius
1138 2447 1144 2506 Ι
1172 2454 1326 2504 petere
1343 2462 1370 2496 a
1391 2446 1687 2491 Sanctissimo
1705 2447 1738 2501 ⁴,
1757 2460 1840 2503 pro
1857 2432 1968 2491 ¹eius,

323 2524 562 2581 sapientia,
582 2532 632 2568 vt
648 2527 765 2568 hanc
781 2539 965 2568 causam
982 2524 1254 2582 intelligere,
1274 2531 1320 2569 et
1337 2525 1493 2568 fouere
1511 2523 1789 2569 Societatem
1811 2537 1865 2567 ac
1882 2536 1967 2567 sua

324 2601 568 2646 clementia
594 2615 798 2645 recreare
825 2598 994 2661 [vellet]
1015 2602 1049 2644 ⁵.

418 2678 625 2735 Benigne
647 2678 822 2722 audiuit
845 2679 1032 2731 Paulus,
1059 2685 1105 2723 et
1126 2678 1355 2735 pollicitus
1378 2677 1520 2737 estsse
1536 2677 1758 2723 Societati
1775 2689 1867 2722 non
1888 2676 1973 2722 de-

409 2843 419 2862 ¹
471 2840 732 2882 SAccfflNUs,
751 2841 826 2876 loe.
846 2840 930 2884 eit.,
949 2852 988 2875 n.
1007 2840 1073 2885 78.

406 2903 420 2921 ²
473 2900 733 2946 SACCfflNUS,
753 2901 830 2935 loc.
855 2899 939 2950 cit„
959 2911 1001 2935 n.
1026 2900 1085 2937 80.

407 2961 422 2981 ³
473 2960 733 3004 SACCHINUS,
753 2961 830 2995 loc.
855 2958 925 2995 eit.
939 2987 948 3005 ,
967 2971 1038 2994 nn.
1063 2958 1124 3006 83,
1143 2959 1207 3005 84.

402 3021 417 3040 ⁴
467 3018 648 3056 Obscure
663 3019 852 3066 scriptum
869 3020 943 3054 hoc
962 3020 1141 3055 verbum.

401 3081 415 3101 ⁵
467 3079 728 3125 SAccfflNUs‚
749 3081 827 3115 loc.
851 3079 937 3125 cit.,
957 3091 998 3115 n.
1025 3079 1085 3124 84.
