2196 3522
356 271 427 308 444
926 256 1064 291 EP1sr.
1093 255 1136 290 P.
1165 253 1430 291 mnan—331

358 371 426 406 tor
449 362 567 406 della
589 361 733 403 classe
756 357 950 402 retorica
971 350 1288 412 in‘Tyrnauia,
1313 363 1443 401 senta
1465 356 1694 414 theologia
1714 356 1848 414 dopoi
1864 357 1896 399 l'
1919 356 1991 399 in-

358 445 563 490 uernata3
590 449 702 492 pure
724 435 859 479 vuole
881 436 966 478 che
989 434 1026 477 si
1046 434 1302 479 conferisca
1323 448 1411 477 con
1431 434 1475 478 13
1490 435 1544 478 R.
1565 435 1623 478 V.
1645 434 1675 477 il
1692 433 1878 491 negotio
1892 433 1991 491 poi-

358 516 442 559 che
464 514 506 557 ci
530 515 554 557 e
585 519 736 568 tempo
764 525 844 568 per
874 512 1000 555 farlo.
1031 510 1123 567 Qui
1152 524 1336 554 occorre
1363 525 1424 553 vn
1451 510 1607 554 dubio.
1640 511 1918 556 Hauendose
1945 510 1992 554 di

359 589 648 635 comminciar
684 604 746 631 vn
784 602 906 631 nouo
943 602 1076 631 curso
1113 587 1157 630 di
1195 587 1424 644 theologia
1461 595 1620 643 questa
1650 587 1905 641 inuernata,
1946 595 1992 632 et

359 668 550 713 essendo
572 666 619 709 in
641 665 820 710 Vienna
841 665 1070 720 qualchun
1099 666 1184 708 che
1211 671 1391 721 potesse
1418 665 1606 721 leggere
1633 665 1680 707 in
1708 664 1922 708 Tirnauia
1949 665 1991 708 la

360 744 566 797 retorica,
591 743 629 787 si
651 757 742 787 non
764 742 911 799 potria
932 745 994 786 M.
1022 743 1249 785 Thomaso
1270 756 1426 798 passar
1442 756 1468 784 a
1485 741 1662 785 Vienna
1679 742 1831 785 auanti
1849 741 1879 785 il
1901 742 1992 786 fine

359 822 463 867 dell’
489 821 748 865 inuernata?
775 821 803 863 ¹.

450 911 492 942 2.
558 896 841 942 Similmente
862 896 961 939 dice
985 897 1069 939 che
1090 895 1128 938 si
1149 894 1401 939 conferisca
1432 909 1518 938 con
1546 897 1604 939 V.
1636 896 1691 938 R.
1724 910 1858 952 sopra
1885 896 1988 941 dell’

359 977 524 1019 andata
552 975 625 1018 del
658 976 708 1017 P.
743 974 953 1016 Hurtado
981 988 1007 1015 a
1034 972 1271 1025 Cassouia‚
1307 979 1352 1017 et
1390 972 1588 1029 adiunge
1626 979 1785 1028 queste
1821 973 1988 1029 parole:

322 1044 325 1049 ⁵
363 1055 505 1097 «Pare
526 1053 615 1096 ben
636 1052 763 1096 detto
786 1051 932 1094 Padre
955 1050 1194 1107 (Hurtado)
1217 1051 1232 1071 ²
1262 1049 1404 1107 digno
1431 1050 1489 1093 da
1510 1051 1595 1093 che
1617 1049 1654 1093 si
1687 1057 1826 1107 tenga
1857 1057 1992 1093 conto

290 1166 292 1169 .
361 1145 447 1174 con
469 1129 549 1181 lui,
575 1135 621 1173 et
641 1128 689 1171 in
710 1128 847 1172 molte
870 1142 974 1170 cose
1002 1127 1221 1183 potrebbe
1252 1126 1423 1171 seruire
1453 1127 1539 1170 alla
1566 1126 1848 1184 Compagnia
1874 1133 1920 1172 et
1951 1127 1994 1170 al

359 1208 449 1252 ben
471 1219 711 1250 commune
733 1207 765 1248 ³.
791 1206 839 1248 Io
861 1219 952 1248 non
974 1219 1025 1248 so
1047 1219 1159 1260 pure
1181 1204 1219 1248 si
1241 1219 1331 1247 con
1353 1211 1511 1260 queste
1533 1205 1685 1260 parole
1700 1205 1743 1247 la
1761 1203 1994 1248 Paternita

362 1286 456 1329 Sua
477 1283 584 1326 vuol
606 1283 713 1325 dare
730 1282 787 1325 ad
804 1281 1039 1326 intendere
1056 1283 1141 1326 che
1158 1282 1200 1325 al
1217 1283 1271 1325 P.
1292 1282 1502 1324 Hurtado
1519 1296 1609 1324 non
1627 1295 1868 1338 conuenga
1890 1282 1994 1338 quel

363 1359 610 1416 trauaglio,
642 1360 834 1402 essendo
861 1373 966 1402 cosa
994 1359 1193 1402 secolare
1222 1373 1249 1402 o
1280 1358 1494 1403 esteriore
1521 1365 1567 1402 et
1597 1358 1702 1402 forsi
1733 1365 1891 1415 troppo
1926 1359 1993 1402 la-
2062 1385 2065 1388 >

362 1437 559 1489 boriosa,
586 1443 631 1481 et
648 1438 733 1480 che
749 1435 895 1492 potria
911 1435 974 1478 lui
992 1435 1163 1480 seruire
1180 1436 1264 1479 alla
1283 1435 1566 1492 Compagnia
1583 1442 1629 1479 et
1642 1436 1733 1480 ben
1748 1435 1931 1492 publico
1946 1435 1993 1478 in

363 1529 468 1558 cose
490 1513 568 1570 piu
591 1512 809 1556 conformi
832 1512 905 1555 alli
930 1513 1085 1555 talenti
1108 1512 1225 1565 suoi,
1257 1527 1385 1556 come
1415 1514 1534 1556 forsa
1561 1512 1605 1556 in
1635 1513 1824 1570 leggere
1849 1512 1997 1569 philo-

364 1590 521 1647 sophia
540 1605 578 1638 vo
609 1588 852 1646 theologia.
886 1591 955 1633 De
984 1596 1143 1644 queste
1180 1603 1287 1634 cose
1319 1596 1619 1646 espettaremo
1647 1588 1858 1646 maggior
1894 1589 1997 1634 luce

364 1668 409 1711 di
432 1670 490 1712 V.
517 1669 571 1710 R.
600 1667 631 1710 ⁴.
1875 1708 1877 1710 .

454 1758 494 1800 3.
561 1743 872 1801 Ringratiamo
910 1745 951 1786 la
980 1745 1034 1787 R.
1067 1745 1125 1787 V.
1157 1744 1275 1787 della
1301 1745 1454 1787 buona
1482 1743 1800 1788 distributione
1829 1744 1939 1788 satta
1971 1759 1998 1788 a

360 1829 520 1878 questa
542 1820 775 1878 prouincia
796 1828 967 1875 nostra,
991 1820 1279 1864 mandandoli
1297 1820 1435 1877 quelli
1452 1820 1634 1873 dottori,
1655 1827 1702 1865 et
1722 1820 1998 1865 lasciandoci

361 1899 392 1942 il
414 1901 495 1942 Dr.
523 1899 696 1951 Sautel,
722 1897 752 1940 il
775 1898 907 1952 quale
930 1912 978 1941 se
1000 1905 1189 1954 portaua
1212 1898 1300 1941 ben
1322 1899 1396 1942 nel
1418 1912 1692 1943 conuersare
1715 1912 1797 1941 suo
1815 1898 1995 1954 quando

359 1976 403 2019 io
426 1976 541 2032 parti
564 1974 609 2018 di
631 1975 825 2029 Vienna,
852 1989 979 2038 come
1002 1975 1187 2019 intendo
1217 1977 1301 2018 che
1329 1977 1527 2019 anchora
1558 1976 1616 2018 fa.
1649 1975 1762 2019 Vale
1790 1971 1870 2031 per
1897 1976 1998 2032 leg-

361 2067 472 2110 gere
494 2059 539 2097 et
561 2066 641 2108 per
662 2051 896 2108 predicare
918 2052 964 2094 in
986 2066 1091 2095 caso
1113 2054 1197 2096 che
1219 2052 1251 2095 il
1271 2054 1324 2095 P.
1351 2052 1547 2096 Martino
1573 2053 1605 2106 ⁵,
1624 2066 1652 2095 o
1668 2067 1747 2108 per
1763 2051 1993 2103 infirmita,

362 2145 389 2173 o
411 2128 666 2173 altrementi
688 2143 780 2171 non
798 2135 977 2184 potesse
995 2130 1087 2172 fare
1105 2135 1265 2184 questo
1281 2128 1445 2172 vsficio.
1469 2129 1634 2185 Questi
1651 2128 1817 2172 dottori
1835 2128 1993 2181 nostri,

362 2222 491 2251 come
518 2206 559 2249 ci
595 2205 745 2250 scriue
781 2205 812 2247 il
851 2208 902 2248 P.
939 2207 1145 2249 Lorenzo
1176 2207 1210 2259 ⁶,
1250 2205 1484 2249 arriuorno
1517 2221 1542 2249 a
1575 2206 1754 2250 Vienna
1782 2221 1809 2249 a
1838 2206 1895 2249 26
1924 2205 1998 2249 del

364 2290 561 2341 passato.

453 2373 493 2415 4.
558 2359 839 2413 Intendendo
856 2359 899 2401 io
915 2360 1119 2403 lamorte
1136 2360 1208 2403 del
1227 2360 1402 2404 fratello
1418 2366 1572 2403 nostro
1588 2359 1826 2413 Gratiano,
1846 2358 1997 2403 scrissi

366 2439 407 2481 al
430 2444 613 2489 rettore,
639 2437 836 2480 secondo
859 2437 888 2478 l’
914 2436 1041 2479 auiso
1063 2436 1108 2479 di
1130 2438 1187 2480 V.
1214 2438 1283 2488 R.,
1309 2438 1394 2479 che
1409 2438 1603 2481 hauesse
1621 2451 1729 2480 cura
1745 2436 1808 2479 lui
1825 2436 1870 2479 di
1887 2450 1999 2479 con-

440 2535 448 2554 ¹
499 2530 789 2578 Responsiones
820 2530 867 2565 ad
891 2532 989 2566 hanc
1016 2536 1055 2566 et
1084 2537 1295 2579 sequentes
1325 2531 1574 2578 quaestiones
1604 2531 1760 2578 scripsit
1790 2530 1941 2566 Natalis
1959 2529 1999 2565 in

364 2591 555 2637 margine,
571 2589 724 2637 propria
738 2601 868 2635 manu,
885 2596 997 2636 prout
1011 2602 1082 2625 suo
1097 2592 1182 2626 loco
1196 2590 1432 2626 notabimus.
1448 2590 1550 2626 Huic
1568 2602 1660 2626 vero
1679 2590 1803 2638 primo
1820 2589 1998 2638 quaesito

364 2652 460 2686 haec
474 2649 686 2696 respondit:
703 2648 793 2684 Non
807 2650 842 2683 si
852 2649 991 2695 faccia
1006 2650 1209 2684 mutation
1225 2651 1342 2684 hasta
1358 2661 1432 2696 que
1445 2661 1483 2685 se
1500 2650 1720 2685 determine
1734 2650 1773 2685 lo
1786 2650 1833 2685 de
1854 2649 1998 2684 Tirna-

364 2711 451 2752 uia,
470 2713 506 2745 et
532 2709 644 2756 dipoi
662 2709 787 2743 anisi.

435 2772 449 2791 “2
500 2769 638 2814 Perez,
657 2767 705 2802 de
723 2778 800 2814 quo
819 2768 974 2813 saepius
989 2768 1028 2803 in
1044 2768 1104 2803 his
1124 2768 1264 2803 litteris
1282 2768 1429 2804 dictum
1448 2773 1526 2804 est.

437 2829 451 2849 ³
501 2828 633 2863 Natal.
657 2837 776 2873 resp.:
805 2827 861 2862 Ya
879 2838 917 2862 se
935 2828 986 2862 ha
1006 2828 1245 2875 respondido
1263 2839 1311 2862 en
1330 2830 1435 2863 otra.

435 2889 449 2910 ⁴
500 2887 613 2922 Natal
624 2913 632 2921 .
655 2896 774 2932 resp.:
793 2886 968 2932 Despues
982 2898 1055 2932 que
1068 2887 1206 2922 scriua
1222 2888 1270 2922 de
1290 2885 1483 2922 Cassouia
1500 2898 1539 2922 se
1557 2889 1655 2922 verd
1668 2898 1718 2922 en
1730 2888 1856 2933 quesse
1864 2885 1997 2933 podra

365 2949 554 2994 occupar.

436 3007 450 3028 ⁵
501 3005 526 3041 S
531 3004 783 3041 tevordianus
793 3030 801 3039 .

435 3066 449 3086 ⁶
500 3063 693 3110 Maggius,
712 3067 839 3099 rector
857 3064 1012 3109 collegii
1031 3063 1357 3100 vindobonensis.
