2196 3522
416 0 881 32 ‘im-wir*‹zrffrfssffiffssfffir:ft
893 0 1064 32 22r÷÷³15÷r2÷
1086 0 1126 21 π
1382 10 1385 12 >
1426 0 1481 19 ·÷
1498 15 1500 17 .
1564 6 1567 10 -
1611 0 1642 16 1-
1663 12 1665 14 -
1695 12 1701 16 -

737 261 926 298 Sssctmm
950 268 1178 297 vommms
1203 269 1443 300 CONCLUSIO
1839 264 1909 301 681

270 367 368 410 Nec
390 364 541 408 minus
562 365 712 410 elucet
734 363 883 408 Patris
905 362 1074 407 Lainez
1094 362 1335 420 integritas
1355 371 1403 409 et
1424 379 1552 409 amor
1573 381 1685 423 erga
1701 365 1911 412 Societa—

272 455 380 502 tem,
405 462 509 492 cum
531 447 684 492 Natali
705 462 785 504 per
817 447 1068 490 Polancum
1098 445 1328 503 rescripsit
1358 448 1585 505 propriam
1613 463 1723 506 erga
1753 464 1911 494 caesa-

273 546 367 591 rem
389 531 769 576 existimationem
791 545 841 574 se
869 528 997 574 nihili
1026 530 1190 582 facere,
1220 530 1468 575 dummodo
1498 532 1703 578 Societas
1730 533 1910 577 incolu-

272 615 358 658 mis
379 623 652 668 servaretur,
677 615 945 671 nullumque
974 612 1294 658 detrimentum
1325 622 1559 678 pateretur
1591 617 1726 674 (241).
1759 618 1909 674 Impe-

271 706 393 742 rator
414 707 566 742 autem
587 698 837 743 benevolus
858 711 1038 753 semper
1058 703 1105 740 et
1132 711 1290 741 amans
1317 697 1535 742 Societati
1564 714 1663 744 sese
1692 700 1909 746 exhibere

270 781 482 839 perrexit3
513 788 705 826 noverat
735 780 855 825 enim
884 779 1006 824 illam
1035 779 1082 822 in
1109 779 1322 824 omnibus
1350 781 1566 837 majorem
1596 783 1683 827 Dei
1715 784 1906 840 gloriam

269 866 557 921 fructumque
579 864 829 908 animarum
858 862 1108 907 intendere.
1134 863 1232 906 Nec
1261 863 1360 919 ejus
1388 863 1589 908 animum
1621 880 1820 922 unquam
1849 869 1909 910 ab

266 950 350 993 hac
372 948 587 1006 opinione
609 956 654 992 et
676 962 826 991 amore
849 954 1056 992 avertere
1083 954 1332 1004 potuerunt
1355 947 1492 1003 aliqui
1515 962 1572 992 ex
1594 949 1905 1006 magnatibus,

267 1032 344 1088 qui
366 1033 558 1076 moleste
580 1032 786 1075 ferebant
814 1030 1088 1076 Societatem
1111 1045 1268 1075 eorum
1299 1030 1590 1088 opinionibus
1619 1032 1769 1076 minus
1796 1047 1910 1077 con-

271 1116 460 1160 formem
484 1129 585 1159 sese
606 1114 823 1171 praebere
844 1114 978 1172 (263).

358 1200 416 1242 Et
436 1200 548 1242 haec
570 1197 752 1255 quidem
774 1196 942 1242 dixisse
963 1198 1159 1241 sufficiat
1177 1197 1416 1242 occasione
1433 1199 1765 1255 praedictarum
1783 1199 1908 1244 litte-

271 1297 439 1337 rarum,
463 1297 490 1325 a
511 1281 644 1325 nobis
660 1280 706 1324 in
724 1280 952 1337 praesenti
969 1280 1198 1325 volumine
1215 1281 1455 1334 editarum,
1480 1297 1615 1337 quae,
1640 1283 1746 1327 licet
1763 1298 1909 1328 novos

270 1367 507 1410 thesauros
528 1363 742 1408 historiae
762 1364 905 1421 vulgo
927 1363 1110 1421 ignotos
1133 1364 1264 1408 nobis
1287 1366 1506 1419 revelent,
1533 1366 1733 1410 dolorem
1753 1374 1906 1411 tamen

269 1440 474 1492 nostrum
496 1448 679 1492 aliunde
708 1455 898 1504 augent,
930 1449 989 1494 ob
1021 1447 1313 1504 epistolarum
1348 1448 1523 1493 Natalis
1556 1450 1614 1492 ad
1646 1451 1758 1495 haec
1788 1457 1905 1495 tem-

268 1547 378 1590 pora
399 1530 700 1588 spectantium
723 1530 1027 1584 amissionem3
1053 1546 1157 1575 nam
1182 1547 1251 1584 ea,
1277 1546 1395 1587 quae
1416 1547 1442 1576 a
1459 1531 1590 1575 nobis
1607 1533 1781 1589 prolata
1797 1518 1906 1577 sunt

267 1616 313 1659 in
334 1617 423 1658 hoc
443 1614 690 1668 volumine,
710 1613 861 1672 potius
877 1629 934 1658 ex
950 1614 1180 1672 responsis
1202 1616 1259 1658 ad
1276 1615 1402 1658 illum
1419 1615 1552 1668 datis,
1574 1630 1710 1672 quarn
1729 1631 1787 1660 ex
1805 1617 1906 1673 ejus

265 1697 467 1756 epistolis
488 1697 841 1755 pervestiganda
857 1699 998 1742 fuere.
1019 1697 1207 1743 Gratior
1224 1697 1355 1741 nobis
1373 1698 1492 1742 tertii
1511 1697 1752 1742 voluminis
1770 1700 1904 1743 ador-

266 1781 404 1826 nandi
426 1782 568 1835 labor,
591 1783 691 1826 Deo
706 1781 914 1837 juvante,
939 1781 1133 1836 eveniet3
1158 1781 1205 1825 in
1227 1781 1304 1825 illo
1332 1781 1499 1826 etenim
1531 1783 1671 1826 ferme
1700 1784 1902 1839 comple-

267 1872 364 1908 tum
386 1871 433 1907 et
452 1863 684 1920 integrum
702 1863 876 1908 Natalis
892 1878 995 1908 curn
1014 1865 1062 1910 S.
1083 1866 1119 1908 F
1122 1864 1326 1908 rancisco
1344 1865 1400 1908 de
1420 1865 1570 1920 Borja,
1593 1864 1726 1909 tertio
1744 1865 1902 1910 Socie-

269 1947 373 1993 tatis
410 1946 683 2004 praeposito,
714 1947 966 1991 litterarum
995 1947 1319 1993 commercium
1342 1947 1557 1992 exhibere
1579 1947 1749 2001 licebit3
1780 1948 1903 1992 unde

267 2045 347 2087 pro
368 2029 658 2082 Germaniae,
686 2029 832 2087 Belgii
853 2038 900 2074 et
920 2030 1096 2075 Galliae
1118 2030 1450 2087 provinciarum
1481 2030 1672 2074 historia
1699 2030 1902 2074 conscri-

268 2114 416 2158 benda
453 2113 574 2156 haud
602 2114 905 2170 spernendum
933 2113 1186 2158 subsidium
1221 2121 1375 2157 nostra
1412 2115 1726 2158 MONUMENTA
1762 2115 1903 2157 colla-

270 2203 371 2240 tura
392 2210 640 2253 speramus.
