2196 3522
304 273 352 311 54
873 262 917 297 P.
945 262 1134 298 NATALIS
1159 261 1381 298 EPHRMER.

304 363 516 421 religioni
545 363 694 408 editae
722 378 749 407 a
782 376 981 416 caesare3
1013 368 1288 419 quapropter
1316 361 1403 405 fuit
1429 362 1661 419 relegatus
1688 376 1715 405 a
1741 375 1942 406 caesare.

305 441 426 485 quit
447 439 705 485 visitatione
726 439 900 496 aliquas
921 439 1137 484 ecclesias
1159 446 1205 485 et
1226 438 1514 484 monasteria.

397 520 449 562 P.
476 517 707 562 Adrianus
732 517 838 561 fecit
859 516 1039 560 initium
1068 517 1264 574 collegio
1293 515 1562 562 louaniensi:
1588 517 1712 562 dedit
1739 515 1802 559 illi
1823 516 1948 560 bona

306 610 389 639 sua
410 602 480 639 sat
502 595 663 652 ampla:
689 594 873 640 habitus
895 601 965 640 est
986 594 1204 652 egregius
1226 594 1546 638 confessarius.

397 675 450 717 P.
476 672 632 717 Violas
654 674 820 717 bonam
843 687 1026 730 operam
1048 672 1238 716 nauauit
1259 672 1454 729 primum
1483 671 1708 725 Lutetiae,
1742 671 1790 715 in
1806 671 1947 715 colle—

307 750 385 807 gio
426 750 828 808 longobardorum:
860 750 867 807 Ι
894 749 1067 807 recepit
1087 750 1259 807 aliquot
1281 750 1339 794 ad
1362 749 1653 795 Societatem:
1696 748 1801 794 dein
1828 747 1948 793 iuuit

308 827 624 873 fundationem
645 827 824 885 collegij
848 827 1128 872 biliomensis
1151 834 1197 872 et
1218 827 1491 872 aedificium.

400 906 492 950 Sed
529 912 575 950 et
611 905 723 949 illud
765 906 943 959 addam,
990 906 1174 951 tandem
1211 904 1461 950 desciuisse
1503 920 1529 949 a
1561 903 1794 949 Bobadilla
1837 902 1953 948 alios

310 997 484 1027 omnes.

400 1060 562 1117 Igitur,
581 1066 632 1103 vt
649 1061 707 1104 ad
722 1060 1056 1105 bobadillanam
1073 1060 1342 1105 seditionem
1363 1067 1581 1113 reuertar,
1612 1059 1702 1102 iam
1729 1057 1828 1104 eius
1850 1063 1951 1102 tur-

311 1137 517 1182 bulentia
537 1152 628 1181 non
646 1139 792 1181 solum
809 1138 934 1182 domi
944 1139 1216 1196 vagabatur,
1241 1139 1323 1183 sed
1339 1138 1397 1182 ad
1418 1145 1632 1183 externos
1653 1144 1751 1180 erat
1771 1136 1828 1181 ab
1850 1135 1952 1192 ipso

312 1215 478 1268 delata,
504 1229 644 1270 quum
667 1229 775 1260 ecce
797 1214 878 1259 tibi
899 1215 1031 1259 aliam
1054 1215 1391 1260 tribulationem
1413 1215 1495 1259 96
1515 1213 1733 1260 excitauit
1750 1216 1803 1258 P.
1825 1214 1950 1257 Pon-—

314 1291 420 1336 tius:
447 1306 499 1335 ac
528 1291 629 1347 quis
659 1292 875 1336 Pontius?
902 1292 940 1336 is
969 1292 1047 1350 qui
1068 1292 1202 1337 anxie
1229 1299 1367 1349 atque
1401 1292 1673 1349 impotenter
1701 1291 1955 1348 expetierat

312 1368 543 1426 designari
564 1370 799 1426 professus
816 1383 844 1424 4
860 1378 1089 1426 votorum,
1109 1371 1235 1426 quod
1251 1385 1343 1414 non
1361 1377 1614 1423 assecutus,
1636 1369 1739 1413 tulit
1755 1383 1855 1414 eam
1876 1382 1952 1413 re-

315 1446 492 1502 pulsam
518 1445 950 1503 impatientissimus.
982 1449 1187 1492 Feruens
1214 1448 1382 1505 alioqui
1410 1447 1664 1505 operarius,
1697 1447 1772 1491 cui
1800 1453 1955 1491 tamen

316 1522 506 1568 durities
528 1523 687 1581 capitis
709 1524 951 1581 negocium
974 1525 1243 1570 facessebat:
1270 1525 1437 1581 alioqui
1458 1524 1580 1568 Vtilis
1603 1526 1755 1569 Pater.

404 1602 509 1645 Non
531 1603 778 1645 censebant
799 1601 976 1658 hispani
1000 1605 1159 1647 Patres
1181 1602 1253 1659 alij
1278 1602 1458 1659 praeter
1480 1602 1701 1647 lusitanos
1723 1616 1823 1647 esse
1846 1615 1955 1645 con-

318 1679 601 1735 gregandam
623 1678 896 1724 Societatem
919 1681 1105 1733 Romae,
1125 1680 1206 1725 sed
1225 1680 1538 1724 Barchinonae
1560 1679 1607 1722 in
1630 1677 1881 1723 Catalonia:
1906 1677 1954 1721 id

317 1755 434 1799 serio
472 1757 809 1801 contenderunt
844 1773 869 1801 a
907 1759 1042 1802 Patre
1078 1757 1282 1813 vilcario,
1323 1758 1462 1802 misso
1493 1759 1629 1801 Patre
1662 1758 1831 1813 Veyra.
1885 1756 1953 1799 Ex

318 1832 506 1877 consilio
530 1836 733 1887 Patrum,
758 1834 929 1891 placuit
952 1835 1076 1879 Patri
1105 1835 1273 1879 vicario
1301 1842 1351 1878 vt
1378 1850 1474 1879 rem
1502 1835 1559 1879 ad
1588 1833 1719 1878 Pauli
1747 1832 1810 1888 4.i
1833 1832 1955 1877 iudi—

319 1910 439 1954 cium
461 1911 746 1955 referremus
773 1913 831 1965 Is,
851 1911 1026 1956 etiamsi
1043 1927 1097 1956 eo
1116 1920 1316 1970 ternpore
1339 1918 1519 1969 gereret
1540 1912 1710 1956 bellum
1733 1912 1959 1955 aduersus

323 1987 597 2044 Philippum,
623 1988 736 2032 dixit
758 1996 909 2034 tamen
930 1997 995 2042 vt,
1016 2004 1065 2034 re
1080 1990 1232 2034 denuo
1248 1989 1550 2044 considerata,
1571 2003 1752 2032 rursum
1770 1988 1828 2031 ad
1849 2001 1954 2031 eum

318 2064 594 2109 veniremus:
615 2072 799 2122 sperant
817 2066 953 2122 aliqui
971 2068 1176 2110 futurum
1198 2074 1247 2110 vt
1269 2082 1370 2111 eam
1393 2065 1721 2124 profectionem
1743 2066 1961 2122 probaret

325 2142 511 2197 Paulus.
537 2142 613 2187 Sic
635 2158 722 2196 res,
748 2158 888 2199 quum
909 2157 1017 2189 ecce
1034 2143 1116 2187 tibi
1135 2144 1326 2188 Pontius
1342 2143 1505 2189 detulit
1522 2143 1579 2186 ad
1596 2142 1857 2199 pontificem
1874 2155 1964 2185 suo

322 2218 625 2276 chirographo
647 2235 730 2264 nos
751 2221 868 2265 velle
890 2220 954 2265 ire
975 2220 1023 2264 in
1040 2221 1324 2278 Hispaniam:
1350 2221 1388 2264 si
1405 2220 1515 2277 quid
1531 2226 1765 2277 praeterea
1784 2219 1859 2262 97
1878 2219 1961 2262 ad-

323 2296 502 2350 diderit,
522 2311 606 2341 nos
642 2298 935 2342 nesciuimus:
975 2298 1086 2341 illud
1121 2298 1334 2352 vidimus,
1365 2300 1661 2342 vehementer
1683 2302 1960 2340 commotum

323 2364 482 2417 contra
503 2388 587 2417 nos
610 2375 804 2418 Paulum
826 2375 1088 2431 imperasse,
1113 2383 1162 2418 vt
1183 2376 1337 2419 nullus
1359 2390 1385 2419 e
1406 2374 1635 2419 Societate
1658 2375 1802 2417 Roma
1824 2386 1960 2417 exce-

323 2451 452 2494 deret
473 2450 550 2494 illo
571 2451 845 2505 inconsulto,
876 2459 926 2495 vt
953 2452 1213 2509 diplomata,
1239 2466 1396 2496 omnes
1424 2450 1788 2503 constitutiones,
1819 2464 1958 2507 regu-

322 2529 405 2580 las,
430 2535 481 2571 vt
502 2529 559 2572 ad
580 2528 728 2585 ipsum
749 2529 1045 2583 deferremus,
1070 2530 1188 2574 velle
1209 2545 1259 2574 se
1286 2529 1437 2573 omnia
1458 2543 1592 2572 suum
1609 2527 1827 2571 iudicium
1850 2527 1962 2571 sub-

327 2605 395 2649 ire
420 2607 449 2649 ¹.

415 2683 605 2727 Fuimus
626 2697 736 2726 sane
759 2689 850 2727 tam
873 2683 965 2727 acri
986 2683 1176 2740 imperio
1197 2682 1426 2727 commoti:
1453 2682 1709 2728 sciebamus
1741 2681 1964 2725 minatum

328 2761 523 2804 Paulum
545 2760 723 2817 Ignatio
738 2767 917 2804 mortuo
934 2761 966 2804 ²:
993 2760 1135 2806 fuisse
1156 2760 1220 2804 illi
1242 2761 1392 2817 quoad
1408 2759 1521 2803 vixit
1537 2760 1782 2804 infensum:
1804 2770 1968 2815 gerere

245 2875 250 2880 .
328 2838 498 2882 bellum
515 2844 676 2881 contra
698 2837 973 2894 Philippum:
1000 2853 1101 2883 esse
1122 2852 1288 2892 acrem,
1314 2844 1422 2892 etc.;
1446 2844 1492 2881 et
1521 2843 1672 2882 tamen
1700 2850 1793 2879 non
1812 2835 1965 2880 deter-

327 2914 403 2958 riti
424 2916 689 2959 dolebamus
710 2915 841 2958 nobis
862 2917 1158 2961 vehementer
1186 2915 1308 2960 vices
1331 2914 1610 2969 Bobadillae,
1640 2919 1687 2958 et
1709 2911 1860 2969 Pontij
1883 2912 1968 2956 de-

407 3025 415 3044 *
467 3021 727 3069 SACCHINUS,
745 3023 819 3058 loc.
839 3022 924 3069 cit„
942 3034 1008 3058 nn.
1033 3022 1094 3068 76,
1111 3030 1173 3068 77.

402 3084 416 3103 2
467 3081 567 3117 Vide
585 3093 715 3130 supra,
733 3093 821 3129 pag.
847 3090 908 3128 50.
