2196 3522
934 308 1156 350 APPssnmx
1792 309 1862 362 573

225 430 271 474 9.
291 412 443 472 Elapsi
463 421 571 459 sunt
594 425 643 471 15
661 414 769 459 anni
784 429 841 460 ex
862 429 953 473 quo
969 429 1043 459 me
1059 415 1278 461 Societati
1294 417 1415 473 dedi,
1434 418 1515 462 sed
1531 417 1774 463 Societatis
1789 417 1862 461 in-

229 474 439 518 stitutum
462 489 554 519 non
575 476 926 533 cognoscebam.
953 476 1182 532 Receptus
1204 492 1304 520 sum
1327 493 1354 521 a
1371 480 1425 522 P.
1446 478 1699 531 Leonardo,
1723 478 1862 522 Colo

231 535 389 579 niae...
421 547 488 579 11.
514 535 680 602 Laicus
702 535 784 590 fui,
807 550 912 578 cum
933 535 1207 581 Societatem
1235 536 1515 594 ingrederer,
1539 538 1664 581 nulla
1690 539 1864 582 habens

231 594 467 640 beneficia.
496 605 567 650 15.
592 594 676 638 Fui
697 594 745 638 in
766 593 959 652 collegio
975 594 1227 648 viennensi,
1252 612 1454 651 romano,
1478 596 1732 650 viennensi,
1759 612 1864 654 pra-

233 653 381 711 gensi,
406 654 732 709 monachiensi,
750 653 1110 711 ingolstadiensi,
1128 655 1448 722 aenipontano.
1477 658 1542 700 16.
1566 656 1865 700 Probationes

233 728 390 757 omnes
411 713 652 759 Societatis
680 713 767 758 feci
794 721 952 759 exacte
980 720 1026 758 et
1054 714 1251 771 saepius,
1277 724 1467 773 excepto
1488 716 1715 772 hospitali,
1740 717 1865 772 quod

234 780 386 818 tamen
407 774 610 817 crebrius
631 773 828 827 visitani,
853 780 899 818 et
919 773 1201 817 infirmorum
1223 775 1548 828 confessiones,
1574 783 1619 820 et
1642 775 1719 831 qui
1746 775 1866 821 deti-

233 841 399 877 nentur
420 833 466 876 in
483 847 679 886 carcere,
704 832 874 876 audiui.
901 833 1126 877 Exercitia
1154 834 1403 891 spiritualia
1432 835 1613 892 saepius
1639 835 1740 878 feci.
1775 837 1886 890 Pe<

231 892 491 950 regrinatus
506 907 608 937 sum
625 892 670 935 in
688 893 724 936 F
726 892 944 936 landriam
960 907 1120 949 vsque,
1140 895 1312 950 absque
1329 894 1512 944 viatico.
1533 894 1684 939 Docui
1700 910 1866 951 pueros

232 952 441 998 triennio.
482 951 791 997 Concionatus
825 967 926 996 sum
963 959 1010 995 et
1045 954 1357 999 confessiones
1388 954 1543 998 audiui
1574 953 1861 998 decennium.

232 1014 473 1056 Promotus
493 1027 595 1056 sum
617 1011 837 1066 Viennae,
862 1019 907 1055 et
930 1012 1077 1056 factus
1099 1027 1199 1057 sum
1222 1013 1386 1057 artium
1404 1013 1623 1071 magister
1637 1023 1743 1057 ante
1761 1022 1864 1058 octo

231 1086 390 1116 annos.
416 1071 563 1128 Cupio
584 1086 641 1115 ex
668 1071 819 1115 animo
845 1086 1138 1128 perseuerare
1164 1072 1211 1116 in
1239 1073 1482 1118 Societate.
1510 1075 1625 1117 Tota
1645 1073 1739 1116 vita
1762 1088 1864 1118 mea

232 1146 414 1188 operam
441 1131 544 1176 dedi
571 1130 728 1184 literis,
759 1130 866 1175 licet
893 1146 1052 1188 parum
1079 1133 1153 1176 vel
1181 1132 1292 1176 nihil
1321 1132 1605 1190 profecerim.
1643 1134 1764 1176 Puto
1792 1147 1865 1177 me

234 1191 383 1239 adhuc
420 1191 602 1235 studere
638 1205 770 1247 posse
791 1190 838 1234 in
867 1190 1109 1248 theologia.
1140 1193 1283 1236 Valeo
1310 1192 1526 1236 memoria
1553 1192 1863 1249 extemporali.

237 1253 404 1294 Parum
425 1249 473 1293 in
494 1249 656 1306 studijs
678 1250 866 1307 profeci,
892 1250 998 1306 quia
1019 1251 1167 1308 magis
1187 1252 1368 1297 deditus
1390 1252 1456 1295 fui
1483 1253 1621 1297 rebus
1651 1252 1752 1309 pijs.
1777 1253 1814 1296 F
1816 1267 1867 1295 a-

235 1317 337 1354 ctus
364 1309 529 1359 artium
557 1309 796 1367 magister;
820 1309 909 1354 iam
937 1309 1064 1353 nihili
1093 1310 1225 1364 facio,
1250 1311 1348 1355 siue
1375 1312 1492 1355 vltra
1519 1312 1742 1364 studeam,
1767 1311 1867 1357 siue

234 1384 342 1488 Fon.
367 1369 646 1489 Me]Christo
668 1370 939 1414 commendo
960 1377 1006 1413 et
1022 1369 1254 1416 Societati.
1275 1373 1602 1417 Amen...—P.
1625 1370 1863 1415 Martinus.

252 1431 329 1483 IV,
361 1439 437 1484 151

327 1501 363 1533 1.
428 1488 666 1532 Martinus
688 1489 962 1532 Florentius.
990 1501 1031 1532 2.
1058 1490 1206 1533 Natus
1227 1505 1327 1534 sum
1349 1505 1496 1534 annos
1515 1501 1586 1546 25.
1610 1503 1651 1546 3.
1672 1489 1868 1535 Natione

232 1549 490 1603 bollandus,
514 1548 658 1605 patria
679 1548 1219 1594 amstelredammensis...
1247 1561 1288 1605 5.
1315 1551 1435 1595 Sunt
1456 1549 1562 1593 anni
1585 1558 1795 1606 quatuor,
1820 1549 1867 1593 in

231 1608 424 1665 collegio
446 1607 710 1661 coloniensi,
730 1607 775 1651 in
792 1607 1024 1664 provincia
1046 1608 1210 1663 Rheni,
1236 1617 1282 1654 et
1306 1618 1413 1654 tunc
1437 1609 1502 1653 fui
1524 1610 1863 1655 examinatus..

235 1680 302 1723 14.
327 1667 414 1712 Dei
437 1667 583 1725 gratia
605 1682 705 1711 sum
727 1668 953 1712 sacerdos.
986 1678 1050 1723 15.
1074 1669 1124 1711 In
1152 1669 1278 1712 nullo
1306 1669 1392 1713 nisi
1423 1668 1468 1712 in
1499 1671 1585 1713 hoc
1614 1668 1866 1713 coloniensi

228 1727 476 1785 collegio...
509 1739 575 1781 17.
601 1726 913 1771 Concionatus
934 1742 1035 1771 sum
1054 1728 1147 1773 fere
1163 1743 1244 1785 per
1259 1743 1448 1782 annum,
1468 1736 1514 1772 et
1532 1744 1611 1785 per
1626 1728 1864 1772 dimidium

229 1802 399 1831 annum
422 1786 574 1830 audivi
595 1786 902 1831 confessiones
923 1801 1221 1854 puerorum...
1250 1790 1494 1832 Promotus
1517 1803 1618 1832 sum
1650 1787 1698 1831 in
1719 1789 1866 1832 facul—

232 1854 325 1892 tate
347 1846 511 1890 artium
534 1845 767 1891 Coloniae.
793 1846 950 1914 Ante'
938 1861 1196 1904 ingressum
1225 1847 1465 1892 Societatis
1493 1847 1682 1905 Lovanij
1712 1847 1868 1892 studui

231 1905 547 1963 philosophiae
568 1920 648 1962 per
669 1905 1009 1961 sesquiannum,
1035 1906 1244 1951 Lutetiae
1267 1906 1358 1963 juri
1381 1906 1602 1951 canonico
1624 1915 1670 1950 et
1691 1908 1868 1952 theolo-

233 1965 336 2023 giae
358 1980 437 2022 per
457 1965 654 2010 medium
678 1979 863 2018 annum,
887 1973 934 2009 et
955 1965 1120 2011 deinde
1140 1966 1359 2012 Coloniae
1374 1981 1454 2024 per
1475 1966 1675 2010 medium
1697 1981 1867 2010 annum

233 2025 402 2069 eisdem
436 2024 599 2081 studijs
626 2024 729 2069 dedi
757 2039 956 2081 operam.
989 2027 1046 2069 Et
1074 2033 1170 2069 tum
1198 2026 1303 2070 dedi
1333 2041 1406 2071 me
1435 2026 1669 2079 Societati,
1701 2026 1749 2069 in
1778 2041 1868 2094 qua

229 2085 402 2129 absolvi
424 2098 607 2128 cursum
625 2083 1001 2140 philosophicum,
1026 2100 1162 2141 quem
1187 2085 1371 2142 Lovanij
1396 2085 1698 2154 incoeperam,
1720 2085 1867 2143 spatio

230 2145 368 2188 unius
391 2143 498 2188 anni
519 2150 565 2187 et
587 2142 740 2210 medij.
766 2143 917 2188 Docui
939 2151 1114 2188 tantum
1136 2144 1182 2187 in
1205 2145 1436 2190 Societate
1456 2145 1799 2202 grammaticam
1822 2154 1871 2189 et·

229 2204 458 2261 syntaxim
482 2217 563 2260 pro
585 2202 738 2260 pueris
761 2203 853 2247 fere
874 2217 955 2260 per
974 2204 1090 2248 duos
1112 2219 1270 2248 annos,
1297 2204 1392 2262 [IV,
1423 2205 1520 2263 136]

323 2277 360 2308 1.
425 2263 781 2306 Maximilianus
797 2277 827 2304 a
846 2263 1041 2320 Capella.
1069 2276 1110 2307 2.
1132 2263 1450 2321 Quadraginta
1466 2272 1512 2308 et
1529 2278 1685 2306 vnum.
1709 2277 1749 2318 3.
1771 2265 1867 2308 Na-

230 2330 304 2366 tus
331 2322 492 2366 insulis
517 2323 628 2365 vrbe
656 2323 692 2366 F
695 2321 895 2366 landriae
926 2322 1196 2379 gallicantis‚
1227 2323 1423 2367 diocesis
1452 2322 1788 2366 tornacensis...
1820 2335 1862 2378 7.

231 2384 493 2438 Antequam
515 2381 788 2427 Societatem
810 2381 1142 2438 ingrederetur,
1167 2383 1387 2426 scholaris
1408 2391 1504 2426 erat
1526 2382 1782 2426 academiae
1798 2383 1867 2426 lo-

233 2441 477 2492 uaniensis,
501 2441 665 2485 artium
686 2440 920 2497 magister,
945 2441 1055 2485 iuris
1075 2441 1223 2485 ciuilis
1238 2450 1285 2485 et
1301 2442 1506 2486 canonici
1524 2442 1771 2494 studiosus,
1792 2442 1867 2484 cui

231 2515 413 2557 operam
436 2501 559 2545 dedit
580 2500 958 2555 sesquiannum...
989 2513 1056 2544 12.
1082 2502 1208 2545 Anni
1230 2508 1337 2544 sunt
1365 2514 1416 2559 19
1439 2501 1649 2558 (demptis
1671 2508 1867 2556 quatuor

233 2560 478 2615 mensibus)
514 2574 571 2603 ex
596 2559 762 2616 quibus
782 2559 830 2602 in
866 2559 1140 2605 Societatem
1177 2568 1387 2616 receptus
1415 2569 1484 2605 est
1510 2575 1537 2604 a
1567 2563 1701 2604 Patre
1732 2562 1868 2604 Petro

234 2621 380 2663 Fabro
402 2620 629 2671 Sabaudo,
668 2619 768 2675 piae
804 2619 1064 2672 memoriae,
1105 2620 1312 2676 Louanij‚
1352 2621 1478 2664 nullo
1500 2634 1684 2676 prorsus
1711 2619 1868 2675 preuio

232 2679 492 2723 examine...
520 2691 587 2732 14.
607 2679 829 2723 Sacerdos
844 2685 928 2722 est.
956 2689 1022 2733 15.
1046 2678 1284 2723 Habitauit
1300 2679 1346 2722 in
1365 2678 1646 2735 Portugalia,
1661 2679 1868 2735 Conym-

230 2738 382 2782 bricae
403 2745 448 2782 et
470 2737 763 2794 Lyssiponae;
789 2737 834 2780 in
855 2738 1069 2791 Castella,
1094 2738 1355 2794 Valesoleti,
1381 2737 1629 2794 Compluti,
1660 2738 1868 2782 Salman—

231 2797 363 2851 ticae,
389 2799 680 2852 Methymnae
702 2796 878 2852 Campi;
903 2797 950 2839 in
972 2797 1198 2851 Flandria,
1223 2805 1461 2854 postquam
1479 2813 1535 2841 ex
1553 2797 1773 2854 Hispania
1795 2812 1867 2841 re-

229 2857 327 2913 dijt,
358 2856 580 2900 habitauit
610 2856 797 2911 Louanij
828 2863 873 2900 et
903 2856 1114 2900 Tornaci:
1147 2871 1269 2900 nunc
1298 2856 1395 2914 agit
1418 2855 1634 2901 Treuiris.
1678 2857 1743 2899 16.
1778 2858 1867 2900 Per

218 2911 427 2960 'medium
455 2930 641 2970 annum,
673 2915 832 2972 partim
861 2915 1103 2959 comitatus
1130 2924 1199 2960 est
1236 2918 1417 2960 Patrem
1446 2917 1660 2968 Fabrum,
1685 2915 1866 2959 diuersa

230 2975 392 3023 itinera
412 2975 459 3018 in
482 2974 704 3031 Hispania
725 2974 983 3028 facientem,
1008 2974 1170 3031 partim
1192 2975 1314 3018 domi
1335 2975 1577 3027 seruiebat,
1598 2989 1651 3018 ea
1674 2974 1867 3029 faciens,-

231 3050 349 3091 quae
371 3050 397 3079 a
420 3037 558 3078 Patre
580 3035 727 3078 Fabro
749 3042 794 3078 et
816 3035 873 3077 ab
894 3033 987 3087 illo,
1012 3034 1090 3090 qui
1113 3041 1223 3078 tunc
1239 3049 1342 3077 cum
1361 3037 1497 3078 Patre
1518 3041 1630 3086 erat,
1651 3033 1866 3091 iniunge-

232 3095 412 3139 bantur.
438 3094 614 3138 Deinde
637 3092 965 3150 Conymbricae
985 3107 1066 3151 per
1087 3093 1261 3150 aliquot
1281 3093 1377 3145 dies
1399 3093 1464 3137 fui
1492 3093 1657 3136 ianitor
1678 3100 1724 3136 et
1746 3094 1863 3137 refe-

376 3195 492 3225 prsr.
516 3194 557 3224 Ρ.
580 3194 713 3230 Naum..
734 3194 822 3223 Tou.
846 3193 889 3223 11.
1687 3193 1724 3222 38
