2196 3522
325 294 397 332 554
945 283 1084 318 Emsr.
1114 282 1144 316 Ρ
1153 307 1163 317 .
1194 281 1346 318 NADAL

310 398 370 429 .1.
397 387 524 440 Lego
541 383 828 436 rhetoricam,
851 396 986 439 quam
1004 381 1328 438 professionem
1346 381 1498 438 accepi
1515 398 1541 426 a
1564 383 1678 427 festo
1702 384 1960 428 Paschae...

327 456 371 498 7.
398 445 516 488 Sunt
538 442 668 486 nobis
692 443 952 497 frequentes
974 441 1340 484 adolescentes...
1367 440 1437 498 [ΙΙ,
1464 451 1564 496 541,
1598 440 1698 500 546]
1724 443 1752 485 ¹.

424 516 460 545 1.
492 502 641 546 Guz'do
669 501 926 544 Masborus.
955 512 996 543 2.
1029 499 1207 556 Viginti
1234 506 1443 555 quatuor.
1476 513 1515 554 3.
1548 501 1725 553 Gallus,
1751 516 1806 544 ex
1830 499 1957 543 terri--

330 561 444 605 torio
467 560 700 613 leodiensi,
726 576 782 605 ex
804 573 925 616 pago
948 558 1166 611 Wailhet,
1191 573 1330 615 prope
1356 558 1689 603 Dionantum...
1728 570 1793 614 15.
1822 560 1962 603 Colo-

329 621 447 673 niae,
472 619 723 674 Cameraci,
750 618 1008 663 Louanii....
1035 617 1217 661 Artium
1244 617 1502 662 licentiatus
1529 618 1797 663 Coloniae...
1825 619 1962 662 Colo-

330 680 432 724 niae
455 679 704 724 rhetoricae
726 686 772 723 et
793 677 1104 735 philosophiae
1132 691 1211 733 per
1242 677 1601 732 quadriennium.
1641 689 1705 732 17.
1733 680 1781 721 In
1805 677 1963 723 Socie-

332 747 425 783 tate
453 738 607 782 docuit
635 738 870 782 inferiores
897 736 1155 792 disciplinas
1183 751 1328 791 Vsque
1357 738 1413 780 ad
1441 736 1714 779 rhetoricam
1741 737 1964 781 inclusiue

330 814 411 855 per
433 797 793 853 quadriennium.
822 797 890 854 [ΙΙ,
918 795 1019 855 551]

429 870 464 901 1.
531 859 682 901 Vocor
703 857 976 900 Guilielmus
992 855 1205 897 Eldaren.
1229 867 1270 898 2.
1292 855 1453 898 Annos
1470 861 1604 897 natus
1623 868 1678 909 30
1695 861 1740 898 et
1767 867 1805 908 1,
1825 855 1881 898 ad
1900 855 1967 897 fe-

332 923 454 959 stum
469 915 719 959 natiuitatis
732 915 914 959 Domini
930 914 1196 971 proximum.
1217 927 1258 969 3.
1276 915 1343 956 Ex
1357 914 1501 970 patria
1514 914 1768 957 Leodnia...
1794 925 1858 957 12.
1877 915 1968 957 Re·-

332 983 493 1032 ceptus
515 975 562 1018 in
585 975 856 1020 Societatem
875 976 1046 1017 Romae
1074 984 1200 1028 155o;
1222 973 1346 1029 prius
1367 980 1516 1015 tamen
1535 988 1613 1028 per
1635 972 1867 1015 dimidium
1886 987 1964 1015 an-

335 1050 443 1078 num
467 1035 683 1078 Coloniae
705 1048 808 1077 cum
833 1036 967 1077 Patre
989 1033 1225 1076 Leonardo
1248 1033 1338 1089 egi.
1365 1032 1660 1076 Examinatus
1682 1046 1863 1087 quoque
1884 1045 1966 1088 ge-

334 1094 547 1138 neraliter
575 1095 799 1138 Romae...
838 1105 903 1146 14.
937 1093 1158 1137 Sacerdos
1185 1106 1285 1135 sum
1313 1091 1544 1147 indignus.
1583 1102 1648 1146 15.
1684 1093 1732 1134 ln
1765 1089 1968 1147 collegiis

332 1153 442 1210 degi
458 1152 694 1197 viennensi
710 1159 755 1196 et
772 1151 1167 1208 ingolstadiensi...
1190 1163 1261 1194 20.
1284 1153 1394 1194 Post
1411 1165 1564 1194 casum
1583 1151 1821 1206 quemdam
1844 1149 1968 1194 vien·

335 1227 522 1257 nensem
545 1227 792 1267 numquam
811 1212 1007 1267 perfecta
1025 1210 1216 1254 sanitate
1233 1225 1333 1253 sum
1353 1225 1461 1253 usus
1478 1212 1639 1254 hacten
1648 1225 1713 1253 us.
1741 1222 1812 1253 21.
1839 1210 1967 1252 Con-

337 1273 485 1317 fessus
507 1286 607 1315 sum
631 1271 904 1327 generaliter
919 1285 1070 1326 saepe,
1091 1284 1181 1312 non
1199 1269 1379 1326 quidem
1397 1276 1515 1321 stato
1534 1277 1750 1324 tempore,
1775 1267 1968 1312 maxime

337 1332 594 1399 Augustae.
611 1328 756 1397 [Sch.]
786 1343 821 1373 1.
849 1331 987 1372 Extra
1015 1328 1288 1374 Societatem
1318 1322 1480 1384 studijs
1508 1328 1608 1371 dedi
1634 1343 1839 1383 operam,
1863 1342 1967 1383 par-

335 1390 415 1433 tim
439 1390 485 1433 in
507 1389 666 1446 patria,
692 1389 852 1456 partim
876 1388 1082 1455 Lovanij²
1107 1387 1185 1431 ubi
1206 1395 1252 1431 et
1267 1388 1460 1444 logicam
1484 1394 1530 1431 et
1548 1387 1775 1443 physicam
1795 1385 1965 1430 audiui.

336 1451 387 1493 In
410 1450 641 1495 Societate
661 1463 768 1492 vero
790 1447 925 1491 etiam
948 1447 1003 1503 ijs
1030 1447 1192 1503 studijs
1223 1454 1361 1502 atque
1389 1447 1644 1502 theologiae
1673 1461 1726 1489 ac
1748 1446 1845 1489 aliis
1868 1460 1970 1501 per—

338 1508 562 1552 functorie
584 1523 765 1564 operam
787 1507 926 1550 dedi..
938 1519 1014 1560 ..4
1042 1508 1146 1551 Non
1167 1507 1282 1550 adeo
1313 1505 1527 1550 memoria
1557 1513 1601 1550 et
1629 1505 1830 1562 ingenio,
1857 1517 1974 1560 quae

336 1583 505 1624 magna
526 1567 767 1624 praecipue
788 1566 938 1609 studia
961 1565 1218 1621 requirunt,
1243 1566 1405 1622 polleo;
1437 1564 1719 1632 diuersisque
1748 1566 1882 1609 rebus
1904 1564 1970 1606 fa-

336 1627 423 1671 cile
446 1628 627 1670 obruor.
662 1637 703 1681 5.
735 1627 836 1670 Non
868 1627 980 1668 adeo
1009 1639 1220 1681 magnam
1247 1624 1608 1681 progressionem
1638 1623 1683 1666 in
1711 1623 1873 1679 studijs
1899 1637 1973 1666 me

339 1686 501 1730 fecisse
541 1686 697 1730 fateor.
739 1686 782 1728 6.
823 1686 897 1728 Ad
934 1685 1107 1727 nullum
1145 1691 1378 1740 promotus
1410 1684 1599 1740 gradum
1620 1717 1629 1735 ,
1670 1698 1802 1738 quem
1839 1682 1974 1726 etiam

336 1753 467 1790 extra
509 1745 781 1789 Societatem
815 1743 925 1786 mihi
963 1743 1117 1800 optaui
1153 1757 1408 1798 nunquam,
1448 1757 1596 1800 neque
1632 1743 1706 1785 hic
1743 1753 1861 1798 opto.
1903 1742 1972 1798 [ΙΙ,

339 1806 441 1860 563,
468 1805 567 1859 564]

435 1877 470 1907 1.
537 1863 746 1918 Eumque
761 1863 895 1905 Pdez.
917 1874 955 1905 2.
973 1863 1095 1905 Poco
1109 1865 1205 1904 mas
1219 1865 1246 1904 ό
1260 1875 1416 1904 menos
1430 1861 1487 1903 de
1503 1873 1556 1914 32
1572 1867 1697 1903 anos.
1709 1904 1711 1907 ,
1718 1874 1758 1915 3.
1778 1862 1848 1903 De
1863 1861 1973 1902 Por-

339 1923 484 1979 tugal,
510 1922 688 1965 natural
709 1922 767 1964 de
788 1921 987 1964 Lisboa..
998 1955 1006 1963 .
1039 1923 1231 1976 10.Fuy
1253 1920 1446 1976 siempre
1470 1919 1760 1963 estudiante..
1772 1919 1874 1962 ..16
1901 1919 1975 1962 Ha

340 1981 440 2026 diez
469 1988 580 2025 anos
608 1995 696 2036 que
726 1984 854 2026 entre
883 1995 940 2023 en
962 1981 1005 2022 la
1034 1981 1304 2036 Compania.
1340 1980 1600 2035 cumplense
1633 1993 1748 2033 poco
1780 1978 1975 2033 despues

339 2042 397 2085 de
420 2047 508 2084 ano
530 2055 718 2084 nueuo..
730 2052 836 2083 .21.
864 2041 938 2083 He
960 2040 1118 2083 estado
1141 2053 1197 2082 en
1227 2039 1438 2082 Cordoua
1466 2053 1494 2094 y
1525 2053 1580 2081 en
1611 2039 1890 2087 Salamanca.
1917 2052 1974 2080 en

340 2101 553 2144 Cordoua
574 2102 631 2143 he
653 2074 938 2152 confessado,
964 2099 1221 2154 predicado,
1246 2099 1394 2154 leydo:
1421 2113 1477 2141 en
1500 2098 1765 2141 Salamanca
1787 2096 1888 2140 hize
1909 2096 1975 2138 las

345 2159 655 2215 probaciones,
681 2173 710 2214 y
731 2158 924 2212 estudie,
950 2173 979 2214 y
995 2158 1281 2213 juntamente
1312 2158 1506 2223 despues
1527 2157 1584 2199 de
1615 2157 1844 2200 ordenado
1864 2169 1975 2197 con—

342 2220 496 2262 fesse..
509 2230 615 2272 ..27
643 2217 871 2261 Inclinado
893 2232 965 2261 me
987 2217 1149 2269 siento,
1174 2216 1212 2259 si
1233 2217 1300 2259 los
1322 2215 1579 2271 superiores
1601 2215 1844 2270 quisiesen,
1864 2213 1949 2257 de
1938 2228 1975 2256 1r

340 2282 376 2321 a
393 2253 630 2322 Alemania
646 2281 744 2320 mas
766 2291 853 2331 que
876 2281 901 2318 a
924 2283 1021 2319 otra
1036 2282 1178 2332 parte,
1205 2290 1288 2331 por
1309 2290 1381 2318 ser
1398 2274 1622 2317 inclinado
1639 2290 1664 2316 a
1681 2273 1877 2317 destruir
1891 2275 1974 2316 he-

341 2337 476 2393 rejias
498 2352 527 2392 y
550 2350 764 2392 arraygar
784 2336 828 2378 la
850 2337 892 2378 fe
913 2336 971 2379 de
991 2336 1034 2379 la
1054 2335 1230 2392 iglesia.
1256 2333 1325 2392 [11,
1351 2335 1436 2388 603
1465 2333 1565 2392 606]

440 2409 475 2439 1.
539 2396 771 2438 Henricus
786 2396 1024 2438 Arboreus
1045 2407 1084 2438 2.
1102 2394 1324 2450 Triginta,
1343 2393 1390 2435 ni
1409 2393 1549 2435 fallor.
1566 2406 1603 2446 3.
1620 2391 1754 2434 Natio
1769 2398 1837 2435 est
1854 2392 1973 2435 Ger-

343 2455 495 2504 mania
515 2454 715 2506 inferior,
735 2453 971 2509 prouincia
993 2453 1211 2498 dioecesis
1233 2452 1487 2503 leodiensis,
1508 2451 1651 2507 patria
1672 2465 1781 2494 vero
1800 2452 1950 2495 Peer.

343 2529 388 2571 9.
415 2515 675 2580 Antequam
692 2487 963 2558 Societatem
981 2512 1259 2570 ingrederer,
1279 2511 1381 2555 dedi
1397 2510 1540 2567 primo
1562 2525 1741 2566 operam
1766 2508 1938 2552 ¹iteris
1927 2524 1974 2552 1n

346 2573 506 2629 patria,
531 2573 694 2617 deinde
716 2572 949 2624 Coloniae,
976 2586 1028 2615 ac
1056 2570 1274 2615 tandem'
1263 2586 1310 2613 1n
1338 2569 1529 2626 collegio
1557 2568 1818 2623 germanico
1846 2583 1925 2625 per
1946 2580 1974 2622 4

343 2647 503 2675 annos:
528 2631 668 2675 literis
690 2638 921 2688 praeterea
941 2630 1298 2682 humanioribus,
1318 2629 1424 2674 item
1444 2628 1764 2685 philosophiae,
1785 2628 1849 2671 sic
1866 2642 1975 2683 ope-

344 2706 442 2734 ram
470 2690 660 2743 nauaui,
690 2697 742 2733 ut
768 2690 962 2745 aliquem
994 2689 1042 2732 in
1072 2690 1182 2745 ipsis
1207 2688 1349 2732 videri
1381 2688 1546 2744 possim
1578 2687 1737 2731 fecisse
1766 2701 1976 2743 progres-

346 2765 501 2794 sum...
534 2763 599 2793 12.
620 2751 723 2817 Jam
744 2756 899 2792 sextus
917 2748 1068 2805 agitur
1085 2763 1248 2801 annus,
1269 2763 1325 2792 ex
1342 2762 1432 2803 quo
1449 2762 1548 2790 sum
1571 2754 1810 2800 susceptus
1833 2745 1976 2802 primo

344 2824 373 2852 a
396 2811 448 2852 P.
482 2809 666 2854 Simone
692 2808 739 2851 in
765 2807 1089 2860 Lumbardia,
1078 2823 1126 2850 1n
1147 2806 1340 2863 collegio
1360 2806 1628 2863 patauino...
1667 2818 1732 2859 14.
1765 2806 1876 2850 Sum
1904 2819 1978 2847 sa-

421 2966 429 2985 ·
482 2964 598 2999 Extat
616 2966 817 3016 praeterea
835 2961 949 3005 (ibid.
976 2961 1019 2996 ff.
1044 2961 1128 3016 532,
1146 2960 1233 3007 533)
1247 2962 1351 2998 aliud
1370 2971 1534 2997 examen
1553 2960 1734 3003 Gregorii
1750 2958 1861 2995 Fabii
1874 2970 1976 2994 anno

350 3011 438 3055 1567
453 3011 655 3057 scriptum,
671 3009 739 3045 ubi
753 3008 970 3044 sacerdotio
986 3008 1181 3045 initiatum
1195 3009 1368 3056 seipsum
1382 3018 1484 3044 anno
1502 3008 1605 3054 1560,
1621 3014 1661 3044 et
1675 3007 1859 3043 Coloniae
1872 3017 1976 3042 com—

344 3058 584 3093 mensalibus
603 3061 792 3104 perpetuo
812 3055 1029 3103 praefuisse
1048 3060 1228 3092 testatur.
