2196 3522
309 295 382 340 478
877 293 1014 328 EP1sT.
1044 291 1087 326 P.
1116 290 1381 336 Nauna-341

309 396 485 454 grande
515 394 831 443 sollecitudine
859 401 906 440 et
936 408 1078 451 paura
1105 394 1191 437 che
1217 407 1312 438 non
1345 400 1628 451 entrauenga
1654 394 1849 450 qualche
1876 394 1944 438 la-.

309 473 567 517 menteuole
583 471 783 526 riuseita;
803 471 912 529 pero
928 471 1068 515 molto
1082 470 1276 528 importa
1291 472 1377 515 che
1393 470 1432 516 si
1446 470 1655 515 conserui
1677 471 1827 527 quella
1844 485 1942 516 me-

310 549 580 606 tropolitana
601 557 730 593 tanto
749 548 915 593 nobile.

400 639 441 670 2.
507 626 610 671 Neli
630 626 736 670 stati
757 625 803 669 di
824 628 860 671 F
863 626 1020 670 iandra
1040 625 1114 671 del
1136 639 1185 668 re
1207 624 1418 681 Philippo
1437 639 1588 669 vanno
1604 625 1876 671 similmente
1897 626 1939 669 16

305 717 414 749 cose
435 704 492 747 de
514 704 557 747 la
578 703 799 760 religione
819 703 866 746 di
895 703 984 746 mal
1012 702 1059 745 in
1086 701 1272 759 peggio,
1298 708 1344 745 et
1372 701 1587 746 caminasi
1616 709 1742 746 tanto
1769 703 1934 755 inanzi,

307 782 394 825 che
410 780 620 825 dubitare
636 779 675 824 si
692 781 783 836 puo
799 780 837 824 si
855 781 887 823 ’l
910 795 958 824 re
980 786 1127 824 stesso
1143 779 1326 834 quando
1341 779 1385 822 10
1402 781 1550 835 sapra,
1568 778 1615 821 vi
1631 781 1759 836 potra
1776 786 1939 826 metter

308 856 482 908 ordine.
505 858 743 902 S'attende
758 857 789 900 li
806 858 849 900 al
866 871 1091 901 smorzare
1107 855 1257 900 alcuni
1275 855 1457 899 tumulti
1471 855 1647 900 escitati
1664 856 1711 900 in
1727 857 1944 913 alquante

308 941 443 978 terre:
476 935 518 978 al
546 942 667 978 resto
695 948 788 978 non
815 934 852 978 si
880 935 995 978 vede
1023 934 1186 977 alcuna
1219 933 1481 990 prouisione
1509 933 1757 978 releuante.
1790 935 1887 979 Ben
1912 936 1943 978 ὁ

306 1018 427 1055 tutto
447 1013 599 1068 palese
620 1013 692 1055 ch’
718 1027 744 1055 a
766 1019 928 1068 questo
950 1010 1136 1068 negotio
1166 1011 1224 1054 da
1251 1011 1425 1067 grande
1451 1010 1775 1067 impedimento
1802 1011 1938 1057 cheli

306 1089 508 1146 prencipi
525 1096 571 1134 et
592 1089 766 1146 signori
787 1089 832 1131 di
854 1088 966 1133 detti
988 1087 1093 1132 stati
1115 1088 1243 1137 siano
1265 1094 1391 1132 tanto
1414 1087 1594 1132 alienati
1617 1088 1691 1131 dal
1712 1088 1942 1133 cardinale·

303 1167 432 1211 Gran
439 1167 570 1219 uella,
588 1167 674 1211 che
689 1180 781 1210 non
795 1167 836 1210 16
853 1167 982 1210 basta
997 1165 1024 1207 l'
1040 1164 1193 1208 animo
1209 1164 1256 1208 di
1273 1165 1368 1208 fare
1384 1172 1574 1209 mettere
1590 1164 1636 1207 in
1653 1166 1938 1210 essecutione

304 1258 391 1288 con
413 1244 577 1287 alcuna
598 1243 798 1287 efficacia
820 1244 922 1288 nele
943 1242 1176 1299 prouincie
1203 1243 1260 1287 de
1288 1243 1330 1286 16
1359 1241 1479 1298 quali
1510 1243 1662 1286 hanno
1692 1242 1723 1285 li
1743 1244 1936 1299 gouerni

302 1322 410 1377 quel
437 1335 579 1377 pocco
608 1322 692 1365 che
719 1323 755 1364 s’
781 1321 1029 1373 ordinasse;
1054 1327 1100 1363 et
1122 1320 1273 1375 quello
1294 1320 1516 1373 vedendo,
1550 1319 1581 1362 li
1608 1320 1780 1376 populi,
1814 1320 1936 1377 quali

299 1399 572 1454 dependono
597 1398 725 1453 quasi
747 1397 794 1440 in
816 1405 976 1453 questa
997 1404 1124 1454 parte
1147 1398 1204 1440 da
1220 1396 1368 1452 questi
1398 1396 1589 1453 signori,
1614 1398 1753 1441 molto
1775 1412 1936 1442 manco

299 1474 343 1518 si.
361 1489 533 1519 curano
555 1475 612 1520 de
633 1475 663 1517 l’
689 1475 961 1520 obedientia:
986 1475 1060 1518 dal
1088 1475 1162 1517 ch’
1187 1473 1234 1517 in
1267 1473 1472 1517 absentia
1494 1473 1539 1518 di
1561 1475 1610 1519 S.
1637 1474 1745 1518 M.t÷'=1
1768 1475 1810 1520 le
1831 1490 1941 1520 cose-

300 1567 451 1599 vanno
473 1553 614 1595 molto
636 1552 768 1597 male.
796 1552 845 1597 Si
867 1559 1060 1596 sentono
1093 1552 1327 1607 querelare
1356 1551 1508 1594 alcuni
1529 1551 1575 1594 di
1593 1552 1741 1607 questi
1763 1552 1936 1609 signori

298 1630 385 1673 che
407 1629 543 1673 maie
565 1629 731 1673 andato
754 1636 880 1672 tanto
908 1629 1023 1672 male
1051 1628 1082 1670 il
1113 1627 1299 1685 negotio
1326 1628 1384 1673 de
1414 1628 1457 1672 la
1489 1629 1590 1673 fede
1617 1628 1663 1671 in
1693 1629 1797 1684 quei
1819 1629 1935 1686 parti

296 1708 384 1749 che
406 1706 463 1751 de
485 1708 557 1750 ch'
583 1708 642 1750 ha
663 1713 917 1763 gouernato
943 1706 974 1748 il
996 1705 1239 1759 cardinale,
1264 1712 1310 1748 et
1338 1712 1539 1762 tengono
1559 1720 1688 1751 come
1710 1721 1789 1763 per
1810 1714 1935 1751 certo

297 1785 385 1828 che
406 1783 495 1827 mai
517 1783 558 1827 ci
581 1785 773 1828 mettera
794 1782 967 1827 ordine:
993 1782 1039 1826 di
1061 1782 1139 1839 piu
1160 1785 1244 1826 6116
1266 1782 1356 1826 mai
1384 1784 1409 1826 6
1432 1783 1597 1827 andata
1627 1783 1705 1840 piu
1733 1785 1936 1829 desolata

298 1861 342 1904 la
363 1860 533 1917 politia,
559 1875 617 1904 ne
638 1874 800 1904 manco
827 1861 868 1903 16
897 1861 1075 1904 finanze
1101 1860 1174 1904 del
1204 1874 1251 1903 re
1279 1859 1356 1916 piu
1384 1860 1427 1903 al
1454 1860 1588 1904 basso
1615 1862 1687 1904 ch’
1712 1862 1756 1904 al
1783 1868 1933 1918 tempo

297 1939 372 1982 del
394 1951 602 1994 gouerno
625 1937 670 1980 di
693 1936 854 1981 costui.
882 1938 939 1980 Et
959 1951 1073 1993 pure
1094 1937 1258 1980 dicono
1280 1939 1418 1980 esser'
1438 1936 1544 1980 stati
1565 1951 1742 1994 sempre
1764 1938 1885 1982 fideli
1907 1954 1933 1982 a

299 2016 348 2060 S.
372 2017 417 2060 M
425 2014 479 2058 .t?³
502 2015 765 2071 esponendo
787 2015 844 2057 ad
866 2013 974 2070 ogni
996 2013 1198 2070 periculo
1222 2020 1348 2057 tanto
1379 2013 1411 2056 11
1440 2014 1546 2058 beni
1574 2021 1744 2070 quanto
1766 2015 1808 2059 16
1830 2029 1932 2071 per-

299 2107 442 2136 sonne
464 2093 561 2136 loro
589 2106 669 2148 per
690 2091 969 2134 conseruarli
990 2090 1022 2134 11
1044 2090 1144 2134 suoi
1166 2090 1287 2144 stati3
1313 2097 1359 2134 et
1385 2090 1687 2136 nondimanco
1715 2106 1822 2148 pare
1849 2094 1934 2137 6116

299 2170 450 2226 quella
471 2168 509 2213 si
531 2168 633 2212 sfidi
656 2167 702 2211 di
723 2168 834 2220 loro,
860 2182 953 2211 non
975 2169 1198 2211 trouando
1226 2168 1378 2212 buona
1405 2182 1512 2211 cosa
1542 2170 1626 2212 che
1655 2168 1882 2214 dicessero
1906 2184 1932 2212 0

299 2248 542 2299 facessem,
569 2261 641 2289 ma
664 2244 770 2289 tutti
792 2246 834 2289 le
856 2246 1209 2305 sottoponga.ad
1229 2260 1320 2288 vno
1341 2244 1585 2299 cardinale;
1610 2252 1656 2288 et
1672 2247 1785 2291 altre
1801 2246 1933 2291 simili

299 2325 499 2380 querelle
521 2323 559 2367 si
581 2329 789 2367 sentono.
818 2324 915 2365 Ben
937 2323 1012 2365 ch’
1035 2322 1067 2365 il
1093 2321 1294 2379 giudicio
1315 2322 1542 2377 diqueste
1564 2337 1668 2366 cose
1690 2322 1728 2366 si
1749 2323 1886 2367 lascia
1907 2339 1933 2367 a

298 2400 373 2444 chi
396 2408 539 2454 tocca‚
565 2415 657 2444 non
678 2400 791 2442 altro
813 2399 851 2442 si
873 2399 1080 2444 desidera
1101 2399 1200 2442 sino
1222 2401 1308 2444 che
1330 2398 1435 2442 tutti
1457 2399 1585 2444 siano
1607 2400 1747 2444 molto
1769 2400 1890 2446 fideli
1906 2416 1934 2444 a

299 2477 425 2523 Iddio
446 2479 503 2522 N.
531 2478 579 2522 S.
605 2484 651 2520 et
673 2491 699 2521 a
720 2477 767 2521 S.
796 2478 842 2520 M
850 2476 925 2529 .ῒὲ,
946 2477 1097 2533 quello
1112 2475 1151 2519 si
1167 2491 1299 2533 spera
1315 2491 1510 2520 saranno
1527 2491 1721 2533 sempre,
1741 2492 1814 2522 ma
1835 2479 1935 2522 solo

298 2555 337 2598 si
358 2554 520 2598 (1160110
543 2553 693 2598 alcuni
714 2553 1037 2609 impedimento
1066 2554 1139 2597 del
1164 2554 1318 2597 buono
1348 2554 1594 2610 procedere
1624 2555 1698 2598 del
1726 2569 1940 2611 gouernov

299 2632 346 2677 di
368 2632 516 2688 quelle
537 2631 702 2684 bande,
726 2630 935 2675 massime
962 2631 1009 2673 in
1037 2643 1143 2675 cose
1169 2631 1227 2673 de
1251 2631 1295 2674 la
1323 2630 1557 2687 religione,
1582 2637 1756 2676 mentre
1784 2633 1870 2677 che
1899 2632 1931 2675 li

299 2709 482 2766 bisogni
503 2723 648 2753 sonno
670 2714 796 2751 tanto
818 2707 1015 2752 estremi:
1040 2714 1086 2751 et
1107 2707 1330 2751 intendesi
1352 2709 1424 2750 ch’
1443 2707 1593 2751 alcuni
1610 2708 1811 2764 prencipi
1829 2711 1931 2754 tho·
1949 2720 1952 2726 '

300 2788 456 2831 desch'
481 2785 744 2830 sollecitano
760 2784 909 2828 alcuni
927 2784 1102 2841 signori
1119 2783 1413 2841 gouernatori
1430 2784 1477 2828 in
1499 2784 1636 2840 quelli
1651 2785 1756 2829 stati
1773 2785 1847 2830 del
1862 2799 1926 2838 re,

301 2864 434 2912 accio·
450 2879 538 2907 non
569 2862 699 2906 vsino
729 2863 938 2914 durezza,
963 2877 1038 2905 ma
1065 2861 1251 2905 trattino
1279 2875 1408 2908 come
1435 2861 1658 2907 conuiene
1685 2863 1717 2904 l'
1739 2862 1865 2909 eletti
1885 2862 1930 2906 di

303 2940 504 2994 Christo,
545 2940 591 2983 id
626 2946 711 2993 est,
752 2939 817 2995 gl’
850 2938 1038 2983 heretici
1075 2937 1427 2982 sacramentarii.
1466 2938 1700 2983 Dubitano
1732 2939 1856 2983 molti
1893 2938 1931 2982 si

304 3020 352 3064 S.
380 3017 492 3063 M.t÷'1
520 3017 706 3062 intenda
733 3022 905 3060 coteste
932 3029 1037 3060 cose
1066 3030 1094 3059 o
1123 3030 1230 3069 non,
1262 3023 1308 3060 et
1334 3015 1580 3072 giudicano
1607 3017 1692 3059 che
1717 3017 1757 3060 s?
1785 3018 1929 3060 haue-

301 3098 440 3142 rebbe
462 3099 504 3142 d'
524 3098 694 3140 hauere
710 3094 983 3138 aduertenza
998 3095 1084 3137 che
1097 3094 1128 3136 l'
1147 3093 1384 3139 occasione
1400 3093 1445 3137 di
1468 3093 1606 3149 tempi
1623 3093 1819 3150 presenti
1837 3109 1929 3138 non
