<?xml version="1.0" encoding="UTF-8"?>
<!DOCTYPE html PUBLIC "-//W3C//DTD XHTML 1.0 Transitional//EN"
    "http://www.w3.org/TR/xhtml1/DTD/xhtml1-transitional.dtd">
<html xmlns="http://www.w3.org/1999/xhtml" xml:lang="en" lang="en">
 <head>
  <title>
</title>
<meta http-equiv="Content-Type" content="text/html;charset=utf-8" />
  <meta name='ocr-system' content='tesseract 3.04.00' />
  <meta name='ocr-capabilities' content='ocr_page ocr_carea ocr_par ocr_line ocrx_word'/>
</head>
<body>
  <div class='ocr_page' id='page_1' title='image "./epistolaephieron02nadauoft_0577.png"; bbox 0 0 2196 3522; ppageno 0'>
   <div class='ocr_carea' id='block_1_1' title="bbox 0 0 659 64">
    <p class='ocr_par' dir='ltr' id='par_1_1' title="bbox 0 0 659 64">
     <span class='ocr_line' id='line_1_1' title="bbox 0 0 659 64; baseline 0 3458"><span class='ocrx_word' id='word_1_1' title='bbox 0 0 659 64; x_wconf 95' lang='lat' dir='ltr'> </span> 
     </span>
    </p>
   </div>
   <div class='ocr_carea' id='block_1_2' title="bbox 936 274 1860 321">
    <p class='ocr_par' dir='ltr' id='par_1_2' title="bbox 936 274 1860 321">
     <span class='ocr_line' id='line_1_2' title="bbox 936 274 1860 321; baseline 0 -11"><span class='ocrx_word' id='word_1_2' title='bbox 936 274 1158 311; x_wconf 68' lang='lat' dir='ltr'>Appmsmx</span> <span class='ocrx_word' id='word_1_3' title='bbox 1792 283 1860 321; x_wconf 84' lang='lat'>551</span> 
     </span>
    </p>
   </div>
   <div class='ocr_carea' id='block_1_3' title="bbox 228 377 1874 2331">
    <p class='ocr_par' dir='ltr' id='par_1_3' title="bbox 228 377 1874 2331">
     <span class='ocr_line' id='line_1_3' title="bbox 228 377 1865 434; baseline 0.001 -15"><span class='ocrx_word' id='word_1_4' title='bbox 228 383 326 419; x_wconf 92' lang='lat' dir='ltr'>toto</span> <span class='ocrx_word' id='word_1_5' title='bbox 347 389 403 419; x_wconf 91' lang='lat' dir='ltr'>eo</span> <span class='ocrx_word' id='word_1_6' title='bbox 425 383 630 433; x_wconf 90' lang='lat' dir='ltr'>tempore</span> <span class='ocrx_word' id='word_1_7' title='bbox 651 378 935 423; x_wconf 68' lang='lat' dir='ltr'>studuerim·</span> <span class='ocrx_word' id='word_1_8' title='bbox 948 380 1115 422; x_wconf 85' lang='lat' dir='ltr'>Postea</span> <span class='ocrx_word' id='word_1_9' title='bbox 1136 378 1202 422; x_wconf 87' lang='lat' dir='ltr'>fui</span> <span class='ocrx_word' id='word_1_10' title='bbox 1219 377 1428 422; x_wconf 82' lang='lat' dir='ltr'><strong>Lutetiae</strong></span> <span class='ocrx_word' id='word_1_11' title='bbox 1455 377 1528 433; x_wconf 86' lang='lat' dir='ltr'>xxj</span> <span class='ocrx_word' id='word_1_12' title='bbox 1557 392 1738 422; x_wconf 90' lang='lat' dir='ltr'>menses</span> <span class='ocrx_word' id='word_1_13' title='bbox 1759 378 1865 434; x_wconf 89' lang='lat' dir='ltr'>plus</span> 
     </span>
     <span class='ocr_line' id='line_1_4' title="bbox 229 435 1865 494; baseline 0.002 -16"><span class='ocrx_word' id='word_1_14' title='bbox 229 435 397 488; x_wconf 91' lang='lat' dir='ltr'>minus,</span> <span class='ocrx_word' id='word_1_15' title='bbox 422 436 499 479; x_wconf 92' lang='lat' dir='ltr'>vbi</span> <span class='ocrx_word' id='word_1_16' title='bbox 527 437 682 479; x_wconf 89' lang='lat' dir='ltr'>studui</span> <span class='ocrx_word' id='word_1_17' title='bbox 712 437 979 490; x_wconf 86' lang='lat' dir='ltr'>medicinae,</span> <span class='ocrx_word' id='word_1_18' title='bbox 1014 437 1345 482; x_wconf 83' lang='lat' dir='ltr'>mathematicis</span> <span class='ocrx_word' id='word_1_19' title='bbox 1374 444 1422 480; x_wconf 95' lang='lat' dir='ltr'>et</span> <span class='ocrx_word' id='word_1_20' title='bbox 1453 451 1644 494; x_wconf 82' lang='lat' dir='ltr'>graecae</span> <span class='ocrx_word' id='word_1_21' title='bbox 1675 436 1865 493; x_wconf 80' lang='lat' dir='ltr'>linguae</span> 
     </span>
     <span class='ocr_line' id='line_1_5' title="bbox 231 494 1864 554; baseline 0.001 -16"><span class='ocrx_word' id='word_1_22' title='bbox 231 494 379 551; x_wconf 87' lang='lat' dir='ltr'>magis</span> <span class='ocrx_word' id='word_1_23' title='bbox 399 509 456 538; x_wconf 88' lang='lat' dir='ltr'>ex</span> <span class='ocrx_word' id='word_1_24' title='bbox 478 497 696 552; x_wconf 86' lang='lat' dir='ltr'>professo,</span> <span class='ocrx_word' id='word_1_25' title='bbox 721 497 948 540; x_wconf 90' lang='lat' dir='ltr'>interdum</span> <span class='ocrx_word' id='word_1_26' title='bbox 971 496 1106 541; x_wconf 90' lang='lat' dir='ltr'>etiam</span> <span class='ocrx_word' id='word_1_27' title='bbox 1133 495 1459 554; x_wconf 84' lang='lat' dir='ltr'>philosophiae.</span> <span class='ocrx_word' id='word_1_28' title='bbox 1494 498 1661 540; x_wconf 85' lang='lat' dir='ltr'>Postea</span> <span class='ocrx_word' id='word_1_29' title='bbox 1683 496 1748 538; x_wconf 86' lang='lat' dir='ltr'>fui</span> <span class='ocrx_word' id='word_1_30' title='bbox 1770 497 1864 540; x_wconf 84' lang='lat' dir='ltr'>Lo-</span> 
     </span>
     <span class='ocr_line' id='line_1_6' title="bbox 233 554 1862 612; baseline 0 -15"><span class='ocrx_word' id='word_1_31' title='bbox 233 554 353 610; x_wconf 91' lang='lat' dir='ltr'>uanij</span> <span class='ocrx_word' id='word_1_32' title='bbox 379 562 470 598; x_wconf 90' lang='lat' dir='ltr'>tres</span> <span class='ocrx_word' id='word_1_33' title='bbox 491 570 650 607; x_wconf 90' lang='lat' dir='ltr'>annos,</span> <span class='ocrx_word' id='word_1_34' title='bbox 670 556 825 612; x_wconf 87' lang='lat' dir='ltr'>paucis</span> <span class='ocrx_word' id='word_1_35' title='bbox 841 556 1003 600; x_wconf 91' lang='lat' dir='ltr'>diebus</span> <span class='ocrx_word' id='word_1_36' title='bbox 1020 555 1185 608; x_wconf 91' lang='lat' dir='ltr'>minus,</span> <span class='ocrx_word' id='word_1_37' title='bbox 1206 556 1282 599; x_wconf 92' lang='lat' dir='ltr'>vbi</span> <span class='ocrx_word' id='word_1_38' title='bbox 1298 557 1392 599; x_wconf 86' lang='lat' dir='ltr'>fere</span> <span class='ocrx_word' id='word_1_39' title='bbox 1408 555 1608 599; x_wconf 92' lang='lat' dir='ltr'>studium</span> <span class='ocrx_word' id='word_1_40' title='bbox 1631 555 1862 611; x_wconf 88' lang='lat' dir='ltr'>priuatim,</span> 
     </span>
     <span class='ocr_line' id='line_1_7' title="bbox 232 613 1865 671; baseline 0.002 -13"><span class='ocrx_word' id='word_1_41' title='bbox 232 613 475 669; x_wconf 88' lang='lat' dir='ltr'>aliquando</span> <span class='ocrx_word' id='word_1_42' title='bbox 496 629 674 670; x_wconf 85' lang='lat' dir='ltr'>graece,</span> <span class='ocrx_word' id='word_1_43' title='bbox 698 615 940 671; x_wconf 92' lang='lat' dir='ltr'>aliquando</span> <span class='ocrx_word' id='word_1_44' title='bbox 960 614 1114 667; x_wconf 90' lang='lat' dir='ltr'>latine,</span> <span class='ocrx_word' id='word_1_45' title='bbox 1146 615 1387 671; x_wconf 90' lang='lat' dir='ltr'>aliquando</span> <span class='ocrx_word' id='word_1_46' title='bbox 1408 614 1753 667; x_wconf 89' lang='lat' dir='ltr'>mathematicis,</span> <span class='ocrx_word' id='word_1_47' title='bbox 1779 615 1865 661; x_wconf 83' lang='lat' dir='ltr'>ali-</span> 
     </span>
     <span class='ocr_line' id='line_1_8' title="bbox 233 673 1861 730; baseline 0.001 -15"><span class='ocrx_word' id='word_1_48' title='bbox 233 674 416 729; x_wconf 92' lang='lat' dir='ltr'>quando</span> <span class='ocrx_word' id='word_1_49' title='bbox 438 673 742 730; x_wconf 66' lang='lat' dir='ltr'>simul‚aliqua</span> <span class='ocrx_word' id='word_1_50' title='bbox 763 690 820 719; x_wconf 86' lang='lat' dir='ltr'>ex</span> <span class='ocrx_word' id='word_1_51' title='bbox 842 675 926 727; x_wconf 87' lang='lat' dir='ltr'>his,</span> <span class='ocrx_word' id='word_1_52' title='bbox 952 674 1195 729; x_wconf 89' lang='lat' dir='ltr'>aliquando</span> <span class='ocrx_word' id='word_1_53' title='bbox 1217 674 1344 717; x_wconf 90' lang='lat' dir='ltr'>nihil.</span> <span class='ocrx_word' id='word_1_54' title='bbox 1372 676 1607 718; x_wconf 90' lang='lat' dir='ltr'>Postrema</span> <span class='ocrx_word' id='word_1_55' title='bbox 1635 673 1861 718; x_wconf 85' lang='lat' dir='ltr'>Vniuersi-</span> 
     </span>
     <span class='ocr_line' id='line_1_9' title="bbox 235 732 1864 790; baseline -0.001 -14"><span class='ocrx_word' id='word_1_56' title='bbox 235 740 303 789; x_wconf 88' lang='lat' dir='ltr'>tas</span> <span class='ocrx_word' id='word_1_57' title='bbox 327 732 411 775; x_wconf 87' lang='lat' dir='ltr'>fuit</span> <span class='ocrx_word' id='word_1_58' title='bbox 432 734 750 786; x_wconf 89' lang='lat' dir='ltr'>Salamantica,</span> <span class='ocrx_word' id='word_1_59' title='bbox 776 733 821 776; x_wconf 92' lang='lat' dir='ltr'>in</span> <span class='ocrx_word' id='word_1_60' title='bbox 848 748 938 790; x_wconf 94' lang='lat' dir='ltr'>qua</span> <span class='ocrx_word' id='word_1_61' title='bbox 964 733 1162 778; x_wconf 90' lang='lat' dir='ltr'>sedecim</span> <span class='ocrx_word' id='word_1_62' title='bbox 1190 747 1370 777; x_wconf 91' lang='lat' dir='ltr'>menses</span> <span class='ocrx_word' id='word_1_63' title='bbox 1397 734 1500 790; x_wconf 94' lang='lat' dir='ltr'>plus</span> <span class='ocrx_word' id='word_1_64' title='bbox 1527 733 1679 776; x_wconf 88' lang='lat' dir='ltr'>minus</span> <span class='ocrx_word' id='word_1_65' title='bbox 1706 733 1864 776; x_wconf 90' lang='lat' dir='ltr'>studui</span> 
     </span>
     <span class='ocr_line' id='line_1_10' title="bbox 233 791 1865 849; baseline -0.001 -14"><span class='ocrx_word' id='word_1_66' title='bbox 233 791 367 835; x_wconf 90' lang='lat' dir='ltr'>simul</span> <span class='ocrx_word' id='word_1_67' title='bbox 390 792 655 844; x_wconf 87' lang='lat' dir='ltr'>medicinae,</span> <span class='ocrx_word' id='word_1_68' title='bbox 681 807 874 849; x_wconf 87' lang='lat' dir='ltr'>graecae</span> <span class='ocrx_word' id='word_1_69' title='bbox 894 793 1094 849; x_wconf 87' lang='lat' dir='ltr'>linguae,</span> <span class='ocrx_word' id='word_1_70' title='bbox 1119 800 1165 836; x_wconf 93' lang='lat' dir='ltr'>et</span> <span class='ocrx_word' id='word_1_71' title='bbox 1187 792 1531 836; x_wconf 87' lang='lat' dir='ltr'>mathematicis.</span> <span class='ocrx_word' id='word_1_72' title='bbox 1566 793 1768 836; x_wconf 91' lang='lat' dir='ltr'>Tandem</span> <span class='ocrx_word' id='word_1_73' title='bbox 1799 792 1865 834; x_wconf 83' lang='lat' dir='ltr'>fui</span> 
     </span>
     <span class='ocr_line' id='line_1_11' title="bbox 232 851 1860 908; baseline -0.001 -13"><span class='ocrx_word' id='word_1_74' title='bbox 232 851 478 895; x_wconf 90' lang='lat' dir='ltr'>Cordubae</span> <span class='ocrx_word' id='word_1_75' title='bbox 499 853 614 894; x_wconf 89' lang='lat' dir='ltr'>duos</span> <span class='ocrx_word' id='word_1_76' title='bbox 635 867 778 896; x_wconf 90' lang='lat' dir='ltr'>annos</span> <span class='ocrx_word' id='word_1_77' title='bbox 799 852 1051 896; x_wconf 86' lang='lat' dir='ltr'>inseruiens</span> <span class='ocrx_word' id='word_1_78' title='bbox 1072 851 1113 895; x_wconf 91' lang='lat' dir='ltr'>ei</span> <span class='ocrx_word' id='word_1_79' title='bbox 1135 851 1306 904; x_wconf 90' lang='lat' dir='ltr'>comiti,</span> <span class='ocrx_word' id='word_1_80' title='bbox 1325 853 1382 895; x_wconf 93' lang='lat' dir='ltr'>de</span> <span class='ocrx_word' id='word_1_81' title='bbox 1399 866 1489 908; x_wconf 93' lang='lat' dir='ltr'>quo</span> <span class='ocrx_word' id='word_1_82' title='bbox 1512 851 1719 908; x_wconf 90' lang='lat' dir='ltr'>superius</span> <span class='ocrx_word' id='word_1_83' title='bbox 1751 851 1860 903; x_wconf 88' lang='lat' dir='ltr'>dixi,</span> 
     </span>
     <span class='ocr_line' id='line_1_12' title="bbox 233 910 1865 967; baseline 0.001 -15"><span class='ocrx_word' id='word_1_84' title='bbox 233 910 311 953; x_wconf 93' lang='lat' dir='ltr'>ubi</span> <span class='ocrx_word' id='word_1_85' title='bbox 334 910 468 953; x_wconf 91' lang='lat' dir='ltr'>etiam</span> <span class='ocrx_word' id='word_1_86' title='bbox 492 925 831 967; x_wconf 90' lang='lat' dir='ltr'>nonnumquam</span> <span class='ocrx_word' id='word_1_87' title='bbox 854 912 1016 955; x_wconf 90' lang='lat' dir='ltr'>dabam</span> <span class='ocrx_word' id='word_1_88' title='bbox 1034 925 1215 967; x_wconf 91' lang='lat' dir='ltr'>operam</span> <span class='ocrx_word' id='word_1_89' title='bbox 1234 913 1370 956; x_wconf 91' lang='lat' dir='ltr'>rebus</span> <span class='ocrx_word' id='word_1_90' title='bbox 1387 910 1731 955; x_wconf 86' lang='lat' dir='ltr'>mathematicis.</span> <span class='ocrx_word' id='word_1_91' title='bbox 1754 913 1865 954; x_wconf 91' lang='lat' dir='ltr'>Post</span> 
     </span>
     <span class='ocr_line' id='line_1_13' title="bbox 233 969 1867 1027; baseline 0.001 -15"><span class='ocrx_word' id='word_1_92' title='bbox 233 969 491 1026; x_wconf 90' lang='lat' dir='ltr'>ingressum</span> <span class='ocrx_word' id='word_1_93' title='bbox 515 970 559 1012; x_wconf 91' lang='lat' dir='ltr'>in</span> <span class='ocrx_word' id='word_1_94' title='bbox 583 970 855 1015; x_wconf 91' lang='lat' dir='ltr'>Societatem</span> <span class='ocrx_word' id='word_1_95' title='bbox 880 970 945 1013; x_wconf 94' lang='lat' dir='ltr'>sui</span> <span class='ocrx_word' id='word_1_96' title='bbox 965 970 1012 1013; x_wconf 90' lang='lat' dir='ltr'>in</span> <span class='ocrx_word' id='word_1_97' title='bbox 1034 970 1224 1027; x_wconf 88' lang='lat' dir='ltr'>collegio</span> <span class='ocrx_word' id='word_1_98' title='bbox 1245 985 1433 1014; x_wconf 88' lang='lat' dir='ltr'>romano</span> <span class='ocrx_word' id='word_1_99' title='bbox 1451 970 1665 1014; x_wconf 89' lang='lat' dir='ltr'>tredecim</span> <span class='ocrx_word' id='word_1_100' title='bbox 1684 984 1867 1014; x_wconf 89' lang='lat' dir='ltr'>menses</span> 
     </span>
     <span class='ocr_line' id='line_1_14' title="bbox 235 1028 1864 1086; baseline 0 -15"><span class='ocrx_word' id='word_1_101' title='bbox 235 1028 392 1085; x_wconf 87' lang='lat' dir='ltr'>paucis</span> <span class='ocrx_word' id='word_1_102' title='bbox 413 1030 514 1085; x_wconf 92' lang='lat' dir='ltr'>plus</span> <span class='ocrx_word' id='word_1_103' title='bbox 535 1029 711 1073; x_wconf 88' lang='lat' dir='ltr'>diebus.</span> <span class='ocrx_word' id='word_1_104' title='bbox 738 1031 804 1072; x_wconf 91' lang='lat' dir='ltr'>Eo</span> <span class='ocrx_word' id='word_1_105' title='bbox 827 1037 1030 1086; x_wconf 90' lang='lat' dir='ltr'>tempore</span> <span class='ocrx_word' id='word_1_106' title='bbox 1051 1029 1290 1074; x_wconf 90' lang='lat' dir='ltr'>audiebam</span> <span class='ocrx_word' id='word_1_107' title='bbox 1319 1029 1649 1086; x_wconf 87' lang='lat' dir='ltr'>philosophiam</span> <span class='ocrx_word' id='word_1_108' title='bbox 1673 1044 1698 1072; x_wconf 92' lang='lat' dir='ltr'>a</span> <span class='ocrx_word' id='word_1_109' title='bbox 1715 1029 1864 1086; x_wconf 90' lang='lat' dir='ltr'>magi-</span> 
     </span>
     <span class='ocr_line' id='line_1_15' title="bbox 236 1088 1865 1146; baseline 0.001 -16"><span class='ocrx_word' id='word_1_110' title='bbox 236 1095 330 1131; x_wconf 90' lang='lat' dir='ltr'>stro</span> <span class='ocrx_word' id='word_1_111' title='bbox 354 1088 617 1140; x_wconf 87' lang='lat' dir='ltr'>BenedictO,</span> <span class='ocrx_word' id='word_1_112' title='bbox 643 1105 668 1132; x_wconf 93' lang='lat' dir='ltr'>a</span> <span class='ocrx_word' id='word_1_113' title='bbox 689 1091 746 1132; x_wconf 93' lang='lat' dir='ltr'>D.</span> <span class='ocrx_word' id='word_1_114' title='bbox 769 1090 934 1132; x_wconf 85' lang='lat' dir='ltr'>Torres</span> <span class='ocrx_word' id='word_1_115' title='bbox 951 1089 1175 1134; x_wconf 90' lang='lat' dir='ltr'>theoricas</span> <span class='ocrx_word' id='word_1_116' title='bbox 1190 1090 1472 1146; x_wconf 92' lang='lat' dir='ltr'>planetarum</span> <span class='ocrx_word' id='word_1_117' title='bbox 1496 1096 1542 1132; x_wconf 93' lang='lat' dir='ltr'>et</span> <span class='ocrx_word' id='word_1_118' title='bbox 1564 1089 1785 1144; x_wconf 92' lang='lat' dir='ltr'>quaedam</span> <span class='ocrx_word' id='word_1_119' title='bbox 1807 1089 1865 1132; x_wconf 90' lang='lat' dir='ltr'>de</span> 
     </span>
     <span class='ocr_line' id='line_1_16' title="bbox 238 1147 1867 1205; baseline 0.001 -16"><span class='ocrx_word' id='word_1_120' title='bbox 238 1147 407 1191; x_wconf 73' lang='lat' dir='ltr'>fabrica</span> <span class='ocrx_word' id='word_1_121' title='bbox 428 1148 781 1204; x_wconf 84' lang='lat' dir='ltr'>horologiorum.</span> <span class='ocrx_word' id='word_1_122' title='bbox 807 1149 856 1191; x_wconf 89' lang='lat' dir='ltr'>In</span> <span class='ocrx_word' id='word_1_123' title='bbox 878 1150 965 1192; x_wconf 88' lang='lat' dir='ltr'>hoc</span> <span class='ocrx_word' id='word_1_124' title='bbox 986 1148 1179 1205; x_wconf 89' lang='lat' dir='ltr'>collegio</span> <span class='ocrx_word' id='word_1_125' title='bbox 1207 1148 1443 1193; x_wconf 89' lang='lat' dir='ltr'>viennensi</span> <span class='ocrx_word' id='word_1_126' title='bbox 1473 1148 1536 1191; x_wconf 88' lang='lat' dir='ltr'>fui</span> <span class='ocrx_word' id='word_1_127' title='bbox 1559 1149 1694 1204; x_wconf 88' lang='lat' dir='ltr'>paulo</span> <span class='ocrx_word' id='word_1_128' title='bbox 1716 1147 1867 1190; x_wconf 88' lang='lat' dir='ltr'>minus</span> 
     </span>
     <span class='ocr_line' id='line_1_17' title="bbox 238 1205 1866 1263; baseline -0.001 -14"><span class='ocrx_word' id='word_1_129' title='bbox 238 1221 374 1262; x_wconf 91' lang='lat' dir='ltr'>quam</span> <span class='ocrx_word' id='word_1_130' title='bbox 397 1207 512 1250; x_wconf 92' lang='lat' dir='ltr'>duos</span> <span class='ocrx_word' id='word_1_131' title='bbox 531 1221 675 1250; x_wconf 90' lang='lat' dir='ltr'>annos</span> <span class='ocrx_word' id='word_1_132' title='bbox 697 1221 799 1250; x_wconf 90' lang='lat' dir='ltr'>cum</span> <span class='ocrx_word' id='word_1_133' title='bbox 823 1208 1023 1263; x_wconf 92' lang='lat' dir='ltr'>quinque</span> <span class='ocrx_word' id='word_1_134' title='bbox 1046 1207 1293 1252; x_wconf 89' lang='lat' dir='ltr'>mensibus:</span> <span class='ocrx_word' id='word_1_135' title='bbox 1319 1207 1474 1251; x_wconf 90' lang='lat' dir='ltr'>audiui</span> <span class='ocrx_word' id='word_1_136' title='bbox 1501 1222 1621 1250; x_wconf 90' lang='lat' dir='ltr'>anno</span> <span class='ocrx_word' id='word_1_137' title='bbox 1643 1205 1866 1263; x_wconf 88' lang='lat' dir='ltr'>superiori</span> 
     </span>
     <span class='ocr_line' id='line_1_18' title="bbox 238 1265 1866 1324; baseline 0 -16"><span class='ocrx_word' id='word_1_138' title='bbox 238 1281 372 1308; x_wconf 89' lang='lat' dir='ltr'>vnam</span> <span class='ocrx_word' id='word_1_139' title='bbox 396 1265 636 1309; x_wconf 91' lang='lat' dir='ltr'>lectionem</span> <span class='ocrx_word' id='word_1_140' title='bbox 659 1267 915 1324; x_wconf 88' lang='lat' dir='ltr'>theologiae</span> <span class='ocrx_word' id='word_1_141' title='bbox 936 1282 992 1311; x_wconf 88' lang='lat' dir='ltr'>ex</span> <span class='ocrx_word' id='word_1_142' title='bbox 1011 1266 1081 1322; x_wconf 74' lang='lat'>3.²</span> <span class='ocrx_word' id='word_1_143' title='bbox 1097 1274 1224 1324; x_wconf 90' lang='lat' dir='ltr'>parte</span> <span class='ocrx_word' id='word_1_144' title='bbox 1241 1267 1387 1311; x_wconf 91' lang='lat' dir='ltr'>sancti</span> <span class='ocrx_word' id='word_1_145' title='bbox 1404 1269 1620 1318; x_wconf 89' lang='lat' dir='ltr'>Thomae,</span> <span class='ocrx_word' id='word_1_146' title='bbox 1641 1268 1728 1309; x_wconf 92' lang='lat' dir='ltr'>hoc</span> <span class='ocrx_word' id='word_1_147' title='bbox 1746 1280 1866 1308; x_wconf 91' lang='lat' dir='ltr'>anno</span> 
     </span>
     <span class='ocr_line' id='line_1_19' title="bbox 237 1324 1868 1383; baseline -0.001 -14"><span class='ocrx_word' id='word_1_148' title='bbox 237 1324 392 1369; x_wconf 87' lang='lat' dir='ltr'>audiui</span> <span class='ocrx_word' id='word_1_149' title='bbox 413 1325 654 1380; x_wconf 90' lang='lat' dir='ltr'>aliquando</span> <span class='ocrx_word' id='word_1_150' title='bbox 675 1341 809 1369; x_wconf 89' lang='lat' dir='ltr'>vnam</span> <span class='ocrx_word' id='word_1_151' title='bbox 831 1325 1069 1371; x_wconf 88' lang='lat' dir='ltr'>lectionem</span> <span class='ocrx_word' id='word_1_152' title='bbox 1093 1341 1149 1370; x_wconf 88' lang='lat' dir='ltr'>ex</span> <span class='ocrx_word' id='word_1_153' title='bbox 1176 1326 1318 1383; x_wconf 89' lang='lat' dir='ltr'>prima</span> <span class='ocrx_word' id='word_1_154' title='bbox 1339 1334 1467 1383; x_wconf 86' lang='lat' dir='ltr'>parte</span> <span class='ocrx_word' id='word_1_155' title='bbox 1494 1334 1539 1370; x_wconf 92' lang='lat' dir='ltr'>et</span> <span class='ocrx_word' id='word_1_156' title='bbox 1567 1327 1787 1381; x_wconf 87' lang='lat' dir='ltr'>quaedam</span> <span class='ocrx_word' id='word_1_157' title='bbox 1810 1340 1868 1369; x_wconf 83' lang='lat' dir='ltr'>ex</span> 
     </span>
     <span class='ocr_line' id='line_1_20' title="bbox 238 1383 1865 1442; baseline 0 -16"><span class='ocrx_word' id='word_1_158' title='bbox 238 1383 369 1428; x_wconf 91' lang='lat' dir='ltr'>tertia</span> <span class='ocrx_word' id='word_1_159' title='bbox 398 1385 455 1428; x_wconf 93' lang='lat' dir='ltr'>de</span> <span class='ocrx_word' id='word_1_160' title='bbox 482 1385 827 1429; x_wconf 86' lang='lat' dir='ltr'>sacramentis...</span> <span class='ocrx_word' id='word_1_161' title='bbox 861 1387 938 1430; x_wconf 90' lang='lat' dir='ltr'>VI.</span> <span class='ocrx_word' id='word_1_162' title='bbox 970 1385 1200 1442; x_wconf 90' lang='lat' dir='ltr'>Compluti</span> <span class='ocrx_word' id='word_1_163' title='bbox 1230 1385 1294 1428; x_wconf 78' lang='lat' dir='ltr'>fui</span> <span class='ocrx_word' id='word_1_164' title='bbox 1322 1393 1556 1442; x_wconf 87' lang='lat' dir='ltr'>promotus</span> <span class='ocrx_word' id='word_1_165' title='bbox 1585 1386 1640 1429; x_wconf 93' lang='lat' dir='ltr'>ad</span> <span class='ocrx_word' id='word_1_166' title='bbox 1672 1385 1865 1441; x_wconf 83' lang='lat' dir='ltr'>gradum</span> 
     </span>
     <span class='ocr_line' id='line_1_21' title="bbox 235 1444 1863 1502; baseline 0 -16"><span class='ocrx_word' id='word_1_167' title='bbox 235 1444 652 1487; x_wconf 89' lang='lat' dir='ltr'>bacchalaureatus.</span> <span class='ocrx_word' id='word_1_168' title='bbox 678 1446 752 1488; x_wconf 92' lang='lat' dir='ltr'>Ad</span> <span class='ocrx_word' id='word_1_169' title='bbox 774 1444 1155 1502; x_wconf 88' lang='lat' dir='ltr'>interrogationes</span> <span class='ocrx_word' id='word_1_170' title='bbox 1178 1452 1536 1501; x_wconf 88' lang='lat' dir='ltr'>praeceptorum.</span> <span class='ocrx_word' id='word_1_171' title='bbox 1562 1445 1634 1489; x_wconf 91' lang='lat' dir='ltr'>Ad</span> <span class='ocrx_word' id='word_1_172' title='bbox 1658 1444 1863 1500; x_wconf 90' lang='lat' dir='ltr'>primam.</span> 
     </span>
     <span class='ocr_line' id='line_1_22' title="bbox 237 1502 1867 1561; baseline 0 -16"><span class='ocrx_word' id='word_1_173' title='bbox 237 1502 412 1559; x_wconf 77' lang='lat' dir='ltr'>Quinto</span> <span class='ocrx_word' id='word_1_174' title='bbox 434 1518 589 1547; x_wconf 90' lang='lat' dir='ltr'>mense</span> <span class='ocrx_word' id='word_1_175' title='bbox 610 1510 846 1560; x_wconf 89' lang='lat' dir='ltr'>postquam</span> <span class='ocrx_word' id='word_1_176' title='bbox 871 1513 1082 1561; x_wconf 88' lang='lat' dir='ltr'>receptus</span> <span class='ocrx_word' id='word_1_177' title='bbox 1104 1503 1168 1547; x_wconf 91' lang='lat' dir='ltr'>fui</span> <span class='ocrx_word' id='word_1_178' title='bbox 1191 1505 1248 1547; x_wconf 92' lang='lat' dir='ltr'>ad</span> <span class='ocrx_word' id='word_1_179' title='bbox 1270 1505 1560 1556; x_wconf 88' lang='lat' dir='ltr'>Societatem,</span> <span class='ocrx_word' id='word_1_180' title='bbox 1586 1506 1676 1547; x_wconf 93' lang='lat' dir='ltr'>hoc</span> <span class='ocrx_word' id='word_1_181' title='bbox 1698 1510 1782 1555; x_wconf 90' lang='lat' dir='ltr'>est,</span> <span class='ocrx_word' id='word_1_182' title='bbox 1808 1504 1867 1546; x_wconf 91' lang='lat' dir='ltr'>ab</span> 
     </span>
     <span class='ocr_line' id='line_1_23' title="bbox 236 1561 1868 1619; baseline 0.001 -15"><span class='ocrx_word' id='word_1_183' title='bbox 236 1562 342 1605; x_wconf 90' lang='lat' dir='ltr'>hinc</span> <span class='ocrx_word' id='word_1_184' title='bbox 365 1561 509 1605; x_wconf 91' lang='lat' dir='ltr'>tribus</span> <span class='ocrx_word' id='word_1_185' title='bbox 531 1562 661 1606; x_wconf 91' lang='lat' dir='ltr'>annis</span> <span class='ocrx_word' id='word_1_186' title='bbox 682 1577 786 1607; x_wconf 92' lang='lat' dir='ltr'>cum</span> <span class='ocrx_word' id='word_1_187' title='bbox 809 1563 1010 1619; x_wconf 88' lang='lat' dir='ltr'>quinque</span> <span class='ocrx_word' id='word_1_188' title='bbox 1032 1563 1265 1608; x_wconf 91' lang='lat' dir='ltr'>mensibus</span> <span class='ocrx_word' id='word_1_189' title='bbox 1288 1564 1397 1616; x_wconf 86' lang='lat' dir='ltr'>fere,</span> <span class='ocrx_word' id='word_1_190' title='bbox 1422 1578 1522 1607; x_wconf 91' lang='lat' dir='ltr'>sum</span> <span class='ocrx_word' id='word_1_191' title='bbox 1545 1563 1696 1606; x_wconf 89' lang='lat' dir='ltr'>iussus</span> <span class='ocrx_word' id='word_1_192' title='bbox 1713 1564 1868 1619; x_wconf 85' lang='lat' dir='ltr'>legere</span> 
     </span>
     <span class='ocr_line' id='line_1_24' title="bbox 239 1620 1862 1679; baseline 0 -15"><span class='ocrx_word' id='word_1_193' title='bbox 239 1620 471 1665; x_wconf 90' lang='lat' dir='ltr'>Euclidem</span> <span class='ocrx_word' id='word_1_194' title='bbox 501 1623 690 1675; x_wconf 88' lang='lat' dir='ltr'>Romae,</span> <span class='ocrx_word' id='word_1_195' title='bbox 722 1630 767 1667; x_wconf 91' lang='lat' dir='ltr'>et</span> <span class='ocrx_word' id='word_1_196' title='bbox 793 1623 886 1679; x_wconf 90' lang='lat' dir='ltr'>legi</span> <span class='ocrx_word' id='word_1_197' title='bbox 919 1637 975 1666; x_wconf 86' lang='lat' dir='ltr'>ex</span> <span class='ocrx_word' id='word_1_198' title='bbox 1003 1638 1059 1668; x_wconf 93' lang='lat' dir='ltr'>eo</span> <span class='ocrx_word' id='word_1_199' title='bbox 1088 1622 1281 1679; x_wconf 90' lang='lat' dir='ltr'>primum</span> <span class='ocrx_word' id='word_1_200' title='bbox 1310 1630 1356 1667; x_wconf 93' lang='lat' dir='ltr'>et</span> <span class='ocrx_word' id='word_1_201' title='bbox 1392 1623 1644 1666; x_wconf 90' lang='lat' dir='ltr'>secundum</span> <span class='ocrx_word' id='word_1_202' title='bbox 1682 1621 1862 1665; x_wconf 88' lang='lat' dir='ltr'>librum.</span> 
     </span>
     <span class='ocr_line' id='line_1_25' title="bbox 238 1680 1865 1738; baseline -0.001 -14"><span class='ocrx_word' id='word_1_203' title='bbox 238 1680 415 1724; x_wconf 91' lang='lat' dir='ltr'>Deinde</span> <span class='ocrx_word' id='word_1_204' title='bbox 442 1680 646 1725; x_wconf 87' lang='lat' dir='ltr'>Viennae</span> <span class='ocrx_word' id='word_1_205' title='bbox 674 1682 766 1738; x_wconf 85' lang='lat' dir='ltr'>legi</span> <span class='ocrx_word' id='word_1_206' title='bbox 787 1697 867 1738; x_wconf 90' lang='lat' dir='ltr'>per</span> <span class='ocrx_word' id='word_1_207' title='bbox 887 1683 1044 1727; x_wconf 89' lang='lat' dir='ltr'>decem</span> <span class='ocrx_word' id='word_1_208' title='bbox 1073 1697 1268 1735; x_wconf 91' lang='lat' dir='ltr'>menses,</span> <span class='ocrx_word' id='word_1_209' title='bbox 1294 1682 1450 1738; x_wconf 90' lang='lat' dir='ltr'>paucis</span> <span class='ocrx_word' id='word_1_210' title='bbox 1472 1682 1633 1726; x_wconf 91' lang='lat' dir='ltr'>diebus</span> <span class='ocrx_word' id='word_1_211' title='bbox 1656 1681 1865 1737; x_wconf 89' lang='lat' dir='ltr'>amplius,</span> 
     </span>
     <span class='ocr_line' id='line_1_26' title="bbox 238 1739 1869 1797; baseline 0.001 -15"><span class='ocrx_word' id='word_1_212' title='bbox 238 1739 518 1784; x_wconf 91' lang='lat' dir='ltr'>dialecticam</span> <span class='ocrx_word' id='word_1_213' title='bbox 548 1740 790 1785; x_wconf 88' lang='lat' dir='ltr'>Titelmani</span> <span class='ocrx_word' id='word_1_214' title='bbox 818 1748 957 1785; x_wconf 91' lang='lat' dir='ltr'>totam</span> <span class='ocrx_word' id='word_1_215' title='bbox 994 1749 1040 1785; x_wconf 93' lang='lat' dir='ltr'>et</span> <span class='ocrx_word' id='word_1_216' title='bbox 1067 1741 1326 1785; x_wconf 89' lang='lat' dir='ltr'>Aristotelis</span> <span class='ocrx_word' id='word_1_217' title='bbox 1353 1756 1496 1797; x_wconf 91' lang='lat' dir='ltr'>vsque</span> <span class='ocrx_word' id='word_1_218' title='bbox 1531 1742 1587 1785; x_wconf 91' lang='lat' dir='ltr'>ad</span> <span class='ocrx_word' id='word_1_219' title='bbox 1617 1739 1869 1797; x_wconf 89' lang='lat' dir='ltr'>posteriora</span> 
     </span>
     <span class='ocr_line' id='line_1_27' title="bbox 239 1798 1866 1856; baseline 0 -14"><span class='ocrx_word' id='word_1_220' title='bbox 239 1798 489 1851; x_wconf 87' lang='lat' dir='ltr'>exclusiue,</span> <span class='ocrx_word' id='word_1_221' title='bbox 509 1807 554 1843; x_wconf 93' lang='lat' dir='ltr'>et</span> <span class='ocrx_word' id='word_1_222' title='bbox 572 1806 662 1843; x_wconf 89' lang='lat' dir='ltr'>tres</span> <span class='ocrx_word' id='word_1_223' title='bbox 677 1800 815 1844; x_wconf 92' lang='lat' dir='ltr'>libros</span> <span class='ocrx_word' id='word_1_224' title='bbox 831 1801 1046 1853; x_wconf 89' lang='lat' dir='ltr'>Euclidis,</span> <span class='ocrx_word' id='word_1_225' title='bbox 1067 1801 1216 1844; x_wconf 92' lang='lat' dir='ltr'>minus</span> <span class='ocrx_word' id='word_1_226' title='bbox 1231 1808 1425 1856; x_wconf 88' lang='lat' dir='ltr'>quatuor</span> <span class='ocrx_word' id='word_1_227' title='bbox 1442 1808 1521 1843; x_wconf 88' lang='lat' dir='ltr'>aut</span> <span class='ocrx_word' id='word_1_228' title='bbox 1538 1801 1738 1856; x_wconf 91' lang='lat' dir='ltr'>quinque</span> <span class='ocrx_word' id='word_1_229' title='bbox 1761 1814 1866 1855; x_wconf 91' lang='lat' dir='ltr'>pro—</span> 
     </span>
     <span class='ocr_line' id='line_1_28' title="bbox 240 1857 1868 1916; baseline 0.001 -16"><span class='ocrx_word' id='word_1_230' title='bbox 240 1857 561 1914; x_wconf 90' lang='lat' dir='ltr'>positionibus.</span> <span class='ocrx_word' id='word_1_231' title='bbox 585 1860 722 1902; x_wconf 89' lang='lat' dir='ltr'>Anno</span> <span class='ocrx_word' id='word_1_232' title='bbox 743 1859 966 1916; x_wconf 89' lang='lat' dir='ltr'>superiori</span> <span class='ocrx_word' id='word_1_233' title='bbox 994 1860 1086 1916; x_wconf 87' lang='lat' dir='ltr'>legi</span> <span class='ocrx_word' id='word_1_234' title='bbox 1115 1860 1293 1903; x_wconf 91' lang='lat' dir='ltr'>duabus</span> <span class='ocrx_word' id='word_1_235' title='bbox 1320 1859 1590 1903; x_wconf 92' lang='lat' dir='ltr'>lectionibus</span> <span class='ocrx_word' id='word_1_236' title='bbox 1618 1859 1662 1902; x_wconf 95' lang='lat' dir='ltr'>in</span> <span class='ocrx_word' id='word_1_237' title='bbox 1692 1860 1868 1902; x_wconf 84' lang='lat' dir='ltr'>mathe-</span> 
     </span>
     <span class='ocr_line' id='line_1_29' title="bbox 240 1917 1868 1975; baseline 0.001 -15"><span class='ocrx_word' id='word_1_238' title='bbox 240 1917 420 1969; x_wconf 91' lang='lat' dir='ltr'>matica,</span> <span class='ocrx_word' id='word_1_239' title='bbox 445 1931 525 1961; x_wconf 86' lang='lat' dir='ltr'>sex</span> <span class='ocrx_word' id='word_1_240' title='bbox 546 1917 684 1962; x_wconf 92' lang='lat' dir='ltr'>libros</span> <span class='ocrx_word' id='word_1_241' title='bbox 706 1918 921 1972; x_wconf 90' lang='lat' dir='ltr'>Euclidis,</span> <span class='ocrx_word' id='word_1_242' title='bbox 947 1919 1146 1963; x_wconf 91' lang='lat' dir='ltr'>libellum</span> <span class='ocrx_word' id='word_1_243' title='bbox 1168 1921 1375 1975; x_wconf 88' lang='lat' dir='ltr'>spherae,</span> <span class='ocrx_word' id='word_1_244' title='bbox 1394 1933 1525 1962; x_wconf 90' lang='lat' dir='ltr'>vsum</span> <span class='ocrx_word' id='word_1_245' title='bbox 1544 1919 1671 1975; x_wconf 85' lang='lat' dir='ltr'>globi</span> <span class='ocrx_word' id='word_1_246' title='bbox 1687 1932 1868 1962; x_wconf 88' lang='lat' dir='ltr'>cosmo-</span> 
     </span>
     <span class='ocr_line' id='line_1_30' title="bbox 240 1975 1871 2034; baseline 0.001 -16"><span class='ocrx_word' id='word_1_247' title='bbox 240 1975 446 2033; x_wconf 90' lang='lat' dir='ltr'>graphici</span> <span class='ocrx_word' id='word_1_248' title='bbox 467 1983 514 2019; x_wconf 90' lang='lat' dir='ltr'>et</span> <span class='ocrx_word' id='word_1_249' title='bbox 534 1978 783 2034; x_wconf 88' lang='lat' dir='ltr'>astrolabij,</span> <span class='ocrx_word' id='word_1_250' title='bbox 808 1977 915 2022; x_wconf 91' lang='lat' dir='ltr'>item</span> <span class='ocrx_word' id='word_1_251' title='bbox 932 1985 1198 2034; x_wconf 90' lang='lat' dir='ltr'>computum</span> <span class='ocrx_word' id='word_1_252' title='bbox 1220 1978 1594 2031; x_wconf 89' lang='lat' dir='ltr'>ecclesiasticum;</span> <span class='ocrx_word' id='word_1_253' title='bbox 1619 1978 1675 2021; x_wconf 94' lang='lat' dir='ltr'>de</span> <span class='ocrx_word' id='word_1_254' title='bbox 1699 1977 1871 2021; x_wconf 88' lang='lat' dir='ltr'>fabrica</span> 
     </span>
     <span class='ocr_line' id='line_1_31' title="bbox 240 2035 1869 2094; baseline 0 -16"><span class='ocrx_word' id='word_1_255' title='bbox 240 2035 601 2092; x_wconf 89' lang='lat' dir='ltr'>horologiorum,</span> <span class='ocrx_word' id='word_1_256' title='bbox 633 2043 678 2080; x_wconf 92' lang='lat' dir='ltr'>et</span> <span class='ocrx_word' id='word_1_257' title='bbox 705 2037 988 2081; x_wconf 89' lang='lat' dir='ltr'>arithmetica</span> <span class='ocrx_word' id='word_1_258' title='bbox 1021 2038 1241 2094; x_wconf 84' lang='lat' dir='ltr'>quaedam</span> <span class='ocrx_word' id='word_1_259' title='bbox 1270 2044 1316 2082; x_wconf 93' lang='lat' dir='ltr'>et</span> <span class='ocrx_word' id='word_1_260' title='bbox 1343 2038 1536 2094; x_wconf 89' lang='lat' dir='ltr'>primum</span> <span class='ocrx_word' id='word_1_261' title='bbox 1572 2038 1736 2080; x_wconf 91' lang='lat' dir='ltr'>librum</span> <span class='ocrx_word' id='word_1_262' title='bbox 1765 2051 1869 2093; x_wconf 90' lang='lat' dir='ltr'>per-</span> 
     </span>
     <span class='ocr_line' id='line_1_32' title="bbox 239 2094 1872 2162; baseline 0.001 -24"><span class='ocrx_word' id='word_1_263' title='bbox 239 2094 470 2162; x_wconf 82' lang='lat' dir='ltr'>spectiuae</span> <span class='ocrx_word' id='word_1_264' title='bbox 491 2095 761 2140; x_wconf 90' lang='lat' dir='ltr'>communis.</span> <span class='ocrx_word' id='word_1_265' title='bbox 787 2097 889 2140; x_wconf 93' lang='lat' dir='ltr'>Hoc</span> <span class='ocrx_word' id='word_1_266' title='bbox 910 2111 1030 2140; x_wconf 92' lang='lat' dir='ltr'>anno</span> <span class='ocrx_word' id='word_1_267' title='bbox 1052 2096 1143 2153; x_wconf 87' lang='lat' dir='ltr'>legi</span> <span class='ocrx_word' id='word_1_268' title='bbox 1166 2098 1386 2140; x_wconf 89' lang='lat' dir='ltr'>hactenus</span> <span class='ocrx_word' id='word_1_269' title='bbox 1406 2112 1496 2140; x_wconf 91' lang='lat' dir='ltr'>vna</span> <span class='ocrx_word' id='word_1_270' title='bbox 1512 2097 1706 2140; x_wconf 92' lang='lat' dir='ltr'>lectione</span> <span class='ocrx_word' id='word_1_271' title='bbox 1727 2110 1872 2151; x_wconf 88' lang='lat' dir='ltr'>vsque</span> 
     </span>
     <span class='ocr_line' id='line_1_33' title="bbox 241 2154 1868 2211; baseline -0.001 -13"><span class='ocrx_word' id='word_1_272' title='bbox 241 2155 299 2198; x_wconf 91' lang='lat' dir='ltr'>ad</span> <span class='ocrx_word' id='word_1_273' title='bbox 329 2154 539 2210; x_wconf 90' lang='lat' dir='ltr'>quintum</span> <span class='ocrx_word' id='word_1_274' title='bbox 571 2154 733 2198; x_wconf 91' lang='lat' dir='ltr'>librum</span> <span class='ocrx_word' id='word_1_275' title='bbox 766 2155 984 2210; x_wconf 89' lang='lat' dir='ltr'>Euclidis,</span> <span class='ocrx_word' id='word_1_276' title='bbox 1018 2155 1065 2198; x_wconf 92' lang='lat' dir='ltr'>in</span> <span class='ocrx_word' id='word_1_277' title='bbox 1096 2170 1187 2211; x_wconf 91' lang='lat' dir='ltr'>quo</span> <span class='ocrx_word' id='word_1_278' title='bbox 1218 2170 1342 2199; x_wconf 92' lang='lat' dir='ltr'>nunc</span> <span class='ocrx_word' id='word_1_279' title='bbox 1372 2170 1542 2208; x_wconf 88' lang='lat' dir='ltr'>versor,</span> <span class='ocrx_word' id='word_1_280' title='bbox 1577 2163 1623 2199; x_wconf 92' lang='lat' dir='ltr'>et</span> <span class='ocrx_word' id='word_1_281' title='bbox 1654 2169 1868 2211; x_wconf 87' lang='lat' dir='ltr'>magnam</span> 
     </span>
     <span class='ocr_line' id='line_1_34' title="bbox 240 2213 1874 2273; baseline 0 -17"><span class='ocrx_word' id='word_1_282' title='bbox 240 2220 412 2269; x_wconf 88' lang='lat' dir='ltr'>partem</span> <span class='ocrx_word' id='word_1_283' title='bbox 430 2213 741 2258; x_wconf 89' lang='lat' dir='ltr'>arithmeticae</span> <span class='ocrx_word' id='word_1_284' title='bbox 757 2214 980 2270; x_wconf 88' lang='lat' dir='ltr'>practicae</span> <span class='ocrx_word' id='word_1_285' title='bbox 997 2216 1232 2259; x_wconf 90' lang='lat' dir='ltr'>Gemmae.</span> <span class='ocrx_word' id='word_1_286' title='bbox 1257 2216 1310 2258; x_wconf 90' lang='grc' dir='ltr'>ΙΙ.</span> <span class='ocrx_word' id='word_1_287' title='bbox 1331 2215 1618 2273; x_wconf 85' lang='lat' dir='ltr'>Mediocriter</span> <span class='ocrx_word' id='word_1_288' title='bbox 1635 2229 1708 2257; x_wconf 89' lang='lat' dir='ltr'>me</span> <span class='ocrx_word' id='word_1_289' title='bbox 1724 2214 1874 2258; x_wconf 89' lang='lat' dir='ltr'>sentio</span> 
     </span>
     <span class='ocr_line' id='line_1_35' title="bbox 240 2267 1869 2331; baseline 0 -16"><span class='ocrx_word' id='word_1_290' title='bbox 240 2272 471 2325; x_wconf 90' lang='lat' dir='ltr'>idoneum,</span> <span class='ocrx_word' id='word_1_291' title='bbox 495 2279 715 2328; x_wconf 87' lang='lat' dir='ltr'>quantum</span> <span class='ocrx_word' id='word_1_292' title='bbox 739 2274 795 2316; x_wconf 90' lang='lat' dir='ltr'>ad</span> <span class='ocrx_word' id='word_1_293' title='bbox 811 2288 883 2317; x_wconf 91' lang='lat' dir='ltr'>me</span> <span class='ocrx_word' id='word_1_294' title='bbox 899 2273 1076 2326; x_wconf 90' lang='lat' dir='ltr'>attinet,</span> <span class='ocrx_word' id='word_1_295' title='bbox 1096 2275 1152 2317; x_wconf 92' lang='lat' dir='ltr'>ad</span> <span class='ocrx_word' id='word_1_296' title='bbox 1170 2267 1470 2331; x_wconf 82' lang='lat' dir='ltr'>profitendum</span> <span class='ocrx_word' id='word_1_297' title='bbox 1489 2273 1869 2325; x_wconf 87' lang='lat' dir='ltr'>mathematicam;</span> 
     </span>
    </p>
   </div>
   <div class='ocr_carea' id='block_1_4' title="bbox 242 2332 1942 2399">
    <p class='ocr_par' dir='ltr' id='par_1_4' title="bbox 242 2332 1942 2399">
     <span class='ocr_line' id='line_1_36' title="bbox 242 2332 1942 2399; baseline 0.001 -25"><span class='ocrx_word' id='word_1_298' title='bbox 242 2338 463 2387; x_wconf 91' lang='lat' dir='ltr'>quantum</span> <span class='ocrx_word' id='word_1_299' title='bbox 493 2333 550 2374; x_wconf 90' lang='lat' dir='ltr'>ad</span> <span class='ocrx_word' id='word_1_300' title='bbox 578 2332 808 2399; x_wconf 86' lang='lat' dir='ltr'>auditores</span> <span class='ocrx_word' id='word_1_301' title='bbox 834 2347 958 2385; x_wconf 91' lang='lat' dir='ltr'>vero,</span> <span class='ocrx_word' id='word_1_302' title='bbox 983 2333 1181 2388; x_wconf 91' lang='lat' dir='ltr'>ipsorum</span> <span class='ocrx_word' id='word_1_303' title='bbox 1203 2340 1273 2376; x_wconf 92' lang='lat' dir='ltr'>est</span> <span class='ocrx_word' id='word_1_304' title='bbox 1300 2333 1532 2377; x_wconf 88' lang='lat' dir='ltr'>iudicium.</span> <span class='ocrx_word' id='word_1_305' title='bbox 1558 2334 1662 2377; x_wconf 91' lang='lat' dir='ltr'>Non</span> <span class='ocrx_word' id='word_1_306' title='bbox 1685 2340 1776 2375; x_wconf 90' lang='lat' dir='ltr'>tam</span> <span class='ocrx_word' id='word_1_307' title='bbox 1799 2347 1874 2376; x_wconf 91' lang='lat' dir='ltr'>me</span> <span class='ocrx_word' id='word_1_308' title='bbox 1940 2336 1942 2339; x_wconf 84' lang='lat'>&#39;</span> 
     </span>
    </p>
   </div>
   <div class='ocr_carea' id='block_1_5' title="bbox 240 2389 1879 3097">
    <p class='ocr_par' dir='ltr' id='par_1_5' title="bbox 240 2389 1879 3097">
     <span class='ocr_line' id='line_1_37' title="bbox 243 2389 1871 2449; baseline 0 -15"><span class='ocrx_word' id='word_1_309' title='bbox 243 2389 392 2434; x_wconf 88' lang='lat' dir='ltr'>sentio</span> <span class='ocrx_word' id='word_1_310' title='bbox 413 2398 669 2447; x_wconf 91' lang='lat' dir='ltr'>promotum</span> <span class='ocrx_word' id='word_1_311' title='bbox 692 2406 748 2435; x_wconf 90' lang='lat' dir='ltr'>ex</span> <span class='ocrx_word' id='word_1_312' title='bbox 770 2391 841 2447; x_wconf 89' lang='lat' dir='ltr'>ijs,</span> <span class='ocrx_word' id='word_1_313' title='bbox 867 2406 983 2447; x_wconf 90' lang='lat' dir='ltr'>quae</span> <span class='ocrx_word' id='word_1_314' title='bbox 1004 2392 1109 2448; x_wconf 90' lang='lat' dir='ltr'>lego</span> <span class='ocrx_word' id='word_1_315' title='bbox 1132 2399 1350 2449; x_wconf 91' lang='lat' dir='ltr'>quantum</span> <span class='ocrx_word' id='word_1_316' title='bbox 1374 2394 1563 2436; x_wconf 86' lang='lat' dir='ltr'>fortasse</span> <span class='ocrx_word' id='word_1_317' title='bbox 1579 2400 1712 2448; x_wconf 90' lang='lat' dir='ltr'>puter</span> <span class='ocrx_word' id='word_1_318' title='bbox 1733 2392 1871 2434; x_wconf 88' lang='lat' dir='ltr'>debe-</span> 
     </span>
     <span class='ocr_line' id='line_1_38' title="bbox 242 2450 1874 2508; baseline 0 -16"><span class='ocrx_word' id='word_1_319' title='bbox 242 2463 308 2493; x_wconf 94' lang='lat' dir='ltr'>re.</span> <span class='ocrx_word' id='word_1_320' title='bbox 334 2450 531 2493; x_wconf 90' lang='lat' dir='ltr'>Causam</span> <span class='ocrx_word' id='word_1_321' title='bbox 553 2451 690 2495; x_wconf 92' lang='lat' dir='ltr'>credo</span> <span class='ocrx_word' id='word_1_322' title='bbox 712 2465 828 2505; x_wconf 90' lang='lat' dir='ltr'>esse,</span> <span class='ocrx_word' id='word_1_323' title='bbox 853 2450 960 2506; x_wconf 91' lang='lat' dir='ltr'>quia</span> <span class='ocrx_word' id='word_1_324' title='bbox 980 2465 1071 2494; x_wconf 93' lang='lat' dir='ltr'>non</span> <span class='ocrx_word' id='word_1_325' title='bbox 1094 2452 1199 2507; x_wconf 90' lang='lat' dir='ltr'>lego</span> <span class='ocrx_word' id='word_1_326' title='bbox 1219 2451 1359 2504; x_wconf 86' lang='lat' dir='ltr'>varia,</span> <span class='ocrx_word' id='word_1_327' title='bbox 1379 2459 1425 2496; x_wconf 92' lang='lat' dir='ltr'>et</span> <span class='ocrx_word' id='word_1_328' title='bbox 1442 2453 1536 2496; x_wconf 81' lang='lat' dir='ltr'>fere</span> <span class='ocrx_word' id='word_1_329' title='bbox 1554 2450 1763 2508; x_wconf 89' lang='lat' dir='ltr'>priuatim</span> <span class='ocrx_word' id='word_1_330' title='bbox 1781 2464 1874 2493; x_wconf 92' lang='lat' dir='ltr'>non</span> 
     </span>
     <span class='ocr_line' id='line_1_39' title="bbox 243 2508 1874 2567; baseline 0 -16"><span class='ocrx_word' id='word_1_331' title='bbox 243 2508 405 2552; x_wconf 92' lang='lat' dir='ltr'>studeo</span> <span class='ocrx_word' id='word_1_332' title='bbox 427 2509 528 2560; x_wconf 91' lang='lat' dir='ltr'>alia,</span> <span class='ocrx_word' id='word_1_333' title='bbox 548 2522 682 2565; x_wconf 89' lang='lat' dir='ltr'>quam</span> <span class='ocrx_word' id='word_1_334' title='bbox 701 2524 816 2565; x_wconf 90' lang='lat' dir='ltr'>quae</span> <span class='ocrx_word' id='word_1_335' title='bbox 833 2511 890 2552; x_wconf 91' lang='lat' dir='ltr'>ad</span> <span class='ocrx_word' id='word_1_336' title='bbox 906 2509 1125 2554; x_wconf 91' lang='lat' dir='ltr'>lectiones</span> <span class='ocrx_word' id='word_1_337' title='bbox 1141 2510 1426 2566; x_wconf 89' lang='lat' dir='ltr'>quotidianas</span> <span class='ocrx_word' id='word_1_338' title='bbox 1443 2510 1686 2567; x_wconf 85' lang='lat' dir='ltr'>pertinent,</span> <span class='ocrx_word' id='word_1_339' title='bbox 1706 2516 1751 2552; x_wconf 91' lang='lat' dir='ltr'>et</span> <span class='ocrx_word' id='word_1_340' title='bbox 1768 2508 1874 2564; x_wconf 91' lang='lat' dir='ltr'>quia</span> 
     </span>
     <span class='ocr_line' id='line_1_40' title="bbox 244 2567 1873 2626; baseline 0.001 -16"><span class='ocrx_word' id='word_1_341' title='bbox 244 2582 379 2623; x_wconf 89' lang='lat' dir='ltr'>saepe</span> <span class='ocrx_word' id='word_1_342' title='bbox 401 2567 466 2610; x_wconf 87' lang='lat' dir='ltr'>fui</span> <span class='ocrx_word' id='word_1_343' title='bbox 487 2568 731 2612; x_wconf 90' lang='lat' dir='ltr'>distractus</span> <span class='ocrx_word' id='word_1_344' title='bbox 753 2570 809 2612; x_wconf 92' lang='lat' dir='ltr'>ad</span> <span class='ocrx_word' id='word_1_345' title='bbox 832 2569 915 2611; x_wconf 88' lang='lat' dir='ltr'>alia</span> <span class='ocrx_word' id='word_1_346' title='bbox 945 2570 1083 2626; x_wconf 86' lang='lat' dir='ltr'>longe</span> <span class='ocrx_word' id='word_1_347' title='bbox 1110 2569 1307 2623; x_wconf 89' lang='lat' dir='ltr'>diuersa,</span> <span class='ocrx_word' id='word_1_348' title='bbox 1332 2577 1378 2614; x_wconf 92' lang='lat' dir='ltr'>et</span> <span class='ocrx_word' id='word_1_349' title='bbox 1405 2569 1511 2626; x_wconf 89' lang='lat' dir='ltr'>quia</span> <span class='ocrx_word' id='word_1_350' title='bbox 1538 2569 1648 2611; x_wconf 91' lang='lat' dir='ltr'>nihil</span> <span class='ocrx_word' id='word_1_351' title='bbox 1675 2568 1873 2620; x_wconf 91' lang='lat' dir='ltr'>delineO,</span> 
     </span>
     <span class='ocr_line' id='line_1_41' title="bbox 244 2626 1875 2685; baseline 0.001 -15"><span class='ocrx_word' id='word_1_352' title='bbox 244 2641 392 2682; x_wconf 90' lang='lat' dir='ltr'>neque</span> <span class='ocrx_word' id='word_1_353' title='bbox 415 2626 531 2670; x_wconf 89' lang='lat' dir='ltr'>facio</span> <span class='ocrx_word' id='word_1_354' title='bbox 553 2627 703 2683; x_wconf 90' lang='lat' dir='ltr'>aliqua</span> <span class='ocrx_word' id='word_1_355' title='bbox 724 2627 1041 2680; x_wconf 90' lang='lat' dir='ltr'>instrumenta,</span> <span class='ocrx_word' id='word_1_356' title='bbox 1067 2629 1188 2683; x_wconf 93' lang='lat' dir='ltr'>quod</span> <span class='ocrx_word' id='word_1_357' title='bbox 1218 2627 1436 2685; x_wconf 89' lang='lat' dir='ltr'>imprimis</span> <span class='ocrx_word' id='word_1_358' title='bbox 1463 2629 1643 2672; x_wconf 92' lang='lat' dir='ltr'>videtur</span> <span class='ocrx_word' id='word_1_359' title='bbox 1670 2642 1771 2672; x_wconf 91' lang='lat' dir='ltr'>esse</span> <span class='ocrx_word' id='word_1_360' title='bbox 1791 2642 1875 2671; x_wconf 92' lang='lat' dir='ltr'>ne-</span> 
     </span>
     <span class='ocr_line' id='line_1_42' title="bbox 243 2685 1877 2743; baseline 0 -15"><span class='ocrx_word' id='word_1_361' title='bbox 243 2685 489 2729; x_wconf 82' lang='lat' dir='ltr'>cessarium</span> <span class='ocrx_word' id='word_1_362' title='bbox 512 2685 570 2737; x_wconf 91' lang='lat' dir='ltr'>ei,</span> <span class='ocrx_word' id='word_1_363' title='bbox 595 2687 673 2742; x_wconf 91' lang='lat' dir='ltr'>qui</span> <span class='ocrx_word' id='word_1_364' title='bbox 694 2687 812 2731; x_wconf 89' lang='lat' dir='ltr'>serio</span> <span class='ocrx_word' id='word_1_365' title='bbox 833 2694 954 2731; x_wconf 88' lang='lat' dir='ltr'>esset</span> <span class='ocrx_word' id='word_1_366' title='bbox 973 2688 1260 2743; x_wconf 88' lang='lat' dir='ltr'>professurus</span> <span class='ocrx_word' id='word_1_367' title='bbox 1281 2687 1661 2739; x_wconf 87' lang='lat' dir='ltr'>mathematicam,</span> <span class='ocrx_word' id='word_1_368' title='bbox 1686 2693 1733 2729; x_wconf 92' lang='lat' dir='ltr'>et</span> <span class='ocrx_word' id='word_1_369' title='bbox 1753 2685 1798 2728; x_wconf 92' lang='lat' dir='ltr'>in</span> <span class='ocrx_word' id='word_1_370' title='bbox 1822 2700 1877 2730; x_wconf 90' lang='lat' dir='ltr'>ea</span> 
     </span>
     <span class='ocr_line' id='line_1_43' title="bbox 240 2744 1874 2812; baseline 0 -25"><span class='ocrx_word' id='word_1_371' title='bbox 240 2745 474 2801; x_wconf 88' lang='lat' dir='ltr'>proficere:</span> <span class='ocrx_word' id='word_1_372' title='bbox 500 2746 558 2788; x_wconf 93' lang='lat' dir='ltr'>ad</span> <span class='ocrx_word' id='word_1_373' title='bbox 579 2759 712 2812; x_wconf 89' lang='lat' dir='ltr'>quarn</span> <span class='ocrx_word' id='word_1_374' title='bbox 737 2761 831 2789; x_wconf 91' lang='lat' dir='ltr'>rem</span> <span class='ocrx_word' id='word_1_375' title='bbox 860 2754 930 2790; x_wconf 92' lang='lat' dir='ltr'>est</span> <span class='ocrx_word' id='word_1_376' title='bbox 956 2746 1279 2799; x_wconf 90' lang='lat' dir='ltr'>necessarium,</span> <span class='ocrx_word' id='word_1_377' title='bbox 1302 2755 1489 2803; x_wconf 91' lang='lat' dir='ltr'>propter</span> <span class='ocrx_word' id='word_1_378' title='bbox 1517 2746 1614 2791; x_wconf 94' lang='lat' dir='ltr'>eius</span> <span class='ocrx_word' id='word_1_379' title='bbox 1642 2744 1874 2802; x_wconf 89' lang='lat' dir='ltr'>prolixita-</span> 
     </span>
     <span class='ocr_line' id='line_1_44' title="bbox 240 2803 1877 2871; baseline 0 -25"><span class='ocrx_word' id='word_1_380' title='bbox 240 2810 330 2848; x_wconf 91' lang='lat' dir='ltr'>tem</span> <span class='ocrx_word' id='word_1_381' title='bbox 369 2810 415 2845; x_wconf 92' lang='lat' dir='ltr'>et</span> <span class='ocrx_word' id='word_1_382' title='bbox 442 2803 773 2859; x_wconf 87' lang='lat' dir='ltr'>morositatem,</span> <span class='ocrx_word' id='word_1_383' title='bbox 810 2805 996 2871; x_wconf 91' lang='lat' dir='ltr'>aliquod</span> <span class='ocrx_word' id='word_1_384' title='bbox 1026 2804 1222 2861; x_wconf 91' lang='lat' dir='ltr'>speciale</span> <span class='ocrx_word' id='word_1_385' title='bbox 1254 2812 1431 2862; x_wconf 90' lang='lat' dir='ltr'>tempus</span> <span class='ocrx_word' id='word_1_386' title='bbox 1462 2806 1675 2848; x_wconf 90' lang='lat' dir='ltr'>liberum</span> <span class='ocrx_word' id='word_1_387' title='bbox 1687 2805 1744 2847; x_wconf 87' lang='lat' dir='ltr'>ab</span> <span class='ocrx_word' id='word_1_388' title='bbox 1776 2803 1877 2859; x_wconf 89' lang='lat' dir='ltr'>alijs</span> 
     </span>
     <span class='ocr_line' id='line_1_45' title="bbox 242 2862 1879 2919; baseline 0 -15"><span class='ocrx_word' id='word_1_389' title='bbox 242 2862 421 2918; x_wconf 91' lang='lat' dir='ltr'>studijs,</span> <span class='ocrx_word' id='word_1_390' title='bbox 447 2863 569 2918; x_wconf 92' lang='lat' dir='ltr'>quod</span> <span class='ocrx_word' id='word_1_391' title='bbox 598 2864 717 2908; x_wconf 88' lang='lat' dir='ltr'>forte</span> <span class='ocrx_word' id='word_1_392' title='bbox 738 2878 830 2907; x_wconf 91' lang='lat' dir='ltr'>non</span> <span class='ocrx_word' id='word_1_393' title='bbox 862 2863 993 2908; x_wconf 83' lang='lat' dir='ltr'>facile</span> <span class='ocrx_word' id='word_1_394' title='bbox 1021 2865 1226 2917; x_wconf 91' lang='lat' dir='ltr'>credant,</span> <span class='ocrx_word' id='word_1_395' title='bbox 1250 2864 1328 2919; x_wconf 91' lang='lat' dir='ltr'>qui</span> <span class='ocrx_word' id='word_1_396' title='bbox 1356 2879 1448 2908; x_wconf 92' lang='lat' dir='ltr'>non</span> <span class='ocrx_word' id='word_1_397' title='bbox 1479 2872 1585 2907; x_wconf 89' lang='lat' dir='ltr'>sunt</span> <span class='ocrx_word' id='word_1_398' title='bbox 1617 2862 1806 2919; x_wconf 86' lang='lat' dir='ltr'>experti,</span> <span class='ocrx_word' id='word_1_399' title='bbox 1831 2869 1879 2907; x_wconf 93' lang='lat' dir='ltr'>et</span> 
     </span>
     <span class='ocr_line' id='line_1_46' title="bbox 244 2898 1878 2980; baseline 0 -16"><span class='ocrx_word' id='word_1_400' title='bbox 244 2920 321 2976; x_wconf 91' lang='lat' dir='ltr'>qui</span> <span class='ocrx_word' id='word_1_401' title='bbox 344 2922 490 2964; x_wconf 92' lang='lat' dir='ltr'>solum</span> <span class='ocrx_word' id='word_1_402' title='bbox 508 2921 850 2967; x_wconf 88' lang='lat' dir='ltr'>considerarent</span> <span class='ocrx_word' id='word_1_403' title='bbox 865 2937 1000 2978; x_wconf 93' lang='lat' dir='ltr'>quam</span> <span class='ocrx_word' id='word_1_404' title='bbox 1020 2923 1152 2968; x_wconf 89' lang='lat' dir='ltr'>facile</span> <span class='ocrx_word' id='word_1_405' title='bbox 1168 2898 1502 2980; x_wconf 61' lang='lat' dir='ltr'>intelliguntur,</span> <span class='ocrx_word' id='word_1_406' title='bbox 1522 2937 1638 2978; x_wconf 92' lang='lat' dir='ltr'>quae</span> <span class='ocrx_word' id='word_1_407' title='bbox 1654 2922 1741 2964; x_wconf 87' lang='lat' dir='ltr'>iam</span> <span class='ocrx_word' id='word_1_408' title='bbox 1761 2922 1878 2965; x_wconf 87' lang='lat' dir='ltr'>facta</span> 
     </span>
     <span class='ocr_line' id='line_1_47' title="bbox 246 2980 1877 3037; baseline 0.001 -15"><span class='ocrx_word' id='word_1_409' title='bbox 246 2989 354 3023; x_wconf 91' lang='lat' dir='ltr'>sunt</span> <span class='ocrx_word' id='word_1_410' title='bbox 375 2980 423 3022; x_wconf 94' lang='lat' dir='ltr'>in</span> <span class='ocrx_word' id='word_1_411' title='bbox 451 2982 536 3023; x_wconf 92' lang='lat' dir='ltr'>hac</span> <span class='ocrx_word' id='word_1_412' title='bbox 564 2988 676 3034; x_wconf 88' lang='lat' dir='ltr'>arte,</span> <span class='ocrx_word' id='word_1_413' title='bbox 702 2981 790 3025; x_wconf 91' lang='lat' dir='ltr'>alio</span> <span class='ocrx_word' id='word_1_414' title='bbox 817 2983 1027 3027; x_wconf 92' lang='lat' dir='ltr'>docente.</span> <span class='ocrx_word' id='word_1_415' title='bbox 1058 2982 1253 3026; x_wconf 80' lang='lat' dir='ltr'>Accedit</span> <span class='ocrx_word' id='word_1_416' title='bbox 1280 2983 1337 3026; x_wconf 92' lang='lat' dir='ltr'>ad</span> <span class='ocrx_word' id='word_1_417' title='bbox 1363 2984 1493 3034; x_wconf 91' lang='lat' dir='ltr'>haec,</span> <span class='ocrx_word' id='word_1_418' title='bbox 1519 2983 1641 3037; x_wconf 92' lang='lat' dir='ltr'>quod</span> <span class='ocrx_word' id='word_1_419' title='bbox 1669 2981 1877 3024; x_wconf 90' lang='lat' dir='ltr'>videbam</span> 
     </span>
     <span class='ocr_line' id='line_1_48' title="bbox 247 3041 1879 3097; baseline 0 -15"><span class='ocrx_word' id='word_1_420' title='bbox 247 3053 420 3095; x_wconf 88' lang='lat' dir='ltr'>paucos</span> <span class='ocrx_word' id='word_1_421' title='bbox 447 3053 548 3083; x_wconf 88' lang='lat' dir='ltr'>esse</span> <span class='ocrx_word' id='word_1_422' title='bbox 575 3041 762 3084; x_wconf 87' lang='lat' dir='ltr'>affectos</span> <span class='ocrx_word' id='word_1_423' title='bbox 789 3041 847 3084; x_wconf 85' lang='lat' dir='ltr'>ad</span> <span class='ocrx_word' id='word_1_424' title='bbox 874 3042 992 3085; x_wconf 91' lang='lat' dir='ltr'>hanc</span> <span class='ocrx_word' id='word_1_425' title='bbox 1019 3048 1184 3094; x_wconf 88' lang='lat' dir='ltr'>artem,</span> <span class='ocrx_word' id='word_1_426' title='bbox 1213 3048 1260 3085; x_wconf 93' lang='lat' dir='ltr'>et</span> <span class='ocrx_word' id='word_1_427' title='bbox 1286 3043 1411 3097; x_wconf 87' lang='lat' dir='ltr'>quod</span> <span class='ocrx_word' id='word_1_428' title='bbox 1438 3041 1692 3084; x_wconf 89' lang='lat' dir='ltr'>iudicabam</span> <span class='ocrx_word' id='word_1_429' title='bbox 1720 3054 1879 3097; x_wconf 88' lang='lat' dir='ltr'>parurn</span> 
     </span>
    </p>
   </div>
  </div>
 </body>
</html>
