2196 3522
311 310 360 357 48
880 308 924 344 P.
952 306 1140 342 NATAL1s
1166 306 1387 341 EPHEMER.

402 412 587 468 Agebat
610 409 761 453 omnia
785 411 836 452 P.
863 409 900 451 F
903 406 1137 450 ranciscus
1158 406 1231 450 vel
1254 420 1334 462 per
1355 407 1620 458 Herreram,
1645 406 1718 451 vel
1745 421 1826 463 per
1841 407 1956 451 Dio-

311 488 514 545 nysium,
535 487 657 543 quod
679 487 848 529 multos
869 485 1144 537 offendebat,
1169 483 1434 540 praesertim
1455 490 1506 526 vt
1527 498 1608 540 per
1629 484 1890 529 Hem-eram.

992 602 1277 663 [SIMANCAE]

400 719 657 777 Aegrotaui
681 719 831 762 triduo
853 726 932 762 aut
964 717 1209 774 quatriduo
1241 716 1496 770 Simancae,
1521 723 1568 760 et
1595 716 1739 773 primo
1765 717 1966 774 quidem'

308 798 382 844 die
405 797 624 855 grauiter,
650 804 738 840 etc.
766 795 938 852 Scripsi
961 796 1018 839 ad
1040 795 1274 840 sacristam
1304 796 1667 839 Montannanum
1701 795 1711 816 ¹
1740 795 1952 839 consola—

312 876 450 920 torias
471 875 530 920 de
551 881 695 918 morte
718 873 868 917 Iacobi
885 873 1051 917 fratris.

395 953 495 996 qui
519 954 572 996 P.
599 954 635 996 F
638 951 892 995 ranciscum
914 951 962 1013 in
989 950 996 1008 Ι
1023 949 1210 1007 negotio
1232 949 1411 1006 collegij
1438 948 1607 993 Montis
1624 949 1774 1006 Regij.
1793 950 1954 1007 Aegre

306 1030 410 1074 tulit
431 1030 553 1074 idern
577 1031 711 1072 Pater
734 1029 856 1084 quod
878 1028 1075 1072 dicerem
1098 1042 1168 1080 ea,
1194 1041 1313 1082 quae
1335 1026 1432 1083 ipse
1454 1026 1636 1070 fecisset
1652 1025 1700 1069 in
1718 1026 1954 1071 fundatio-

307 1107 444 1151 nibus
461 1105 775 1163 collegiorum,
801 1112 987 1162 possent
1008 1104 1225 1148 infirmari
1247 1119 1274 1148 a
1298 1106 1350 1148 P.
1376 1103 1571 1161 Ignatio.

394 1183 531 1228 Volui
577 1184 592 1204 ²
638 1185 691 1226 P.
738 1182 982 1226 Francisco
1018 1196 1119 1226 esse
1162 1181 1314 1225 socius
1350 1196 1455 1225 cum
1491 1180 1578 1226 iret
1611 1182 1668 1237 ad
1709 1181 1947 1238 palatium:

302 1268 479 1306 tantum
517 1260 656 1304 semel
686 1259 791 1304 veni
829 1274 933 1302 curn
960 1258 1075 1316 ipso,
1106 1266 1157 1302 vt
1184 1258 1384 1304 viderem
1422 1258 1672 1315 principem
1709 1259 1943 1303 Carolum.

309 1356 326 1378 «
336 1338 478 1382 Bahal
500 1338 659 1381 babal»
685 1335 734 1396 [?]
756 1343 842 1380 etc.

391 1415 553 1459 Obtuli
573 1429 646 1458 me
668 1428 854 1458 causam
879 1415 941 1458 M.
968 1413 1226 1458 Montesani
1248 1413 1510 1457 adiuturum
1533 1415 1718 1458 Rornae.
1745 1414 1947 1470 Compa-

299 1494 456 1536 rabam
472 1507 543 1536 me
555 1492 642 1535 iarn
660 1492 717 1536 ad
731 1491 832 1544 iter,
853 1506 993 1548 quum
1010 1506 1067 1534 ex
1088 1491 1231 1536 literis
1250 1493 1303 1535 P.
1323 1490 1641 1547 Ribadaneyra
1657 1505 1714 1535 ex
1730 1492 1766 1535 F
1769 1491 1947 1535 landria

297 1570 520 1614 intellexit
544 1571 596 1612 P.
624 1568 895 1612 Franciscus
917 1569 974 1611 ad
991 1567 1225 1613 meliorem
1245 1567 1386 1611 vitam
1405 1567 1620 1613 transisse
1635 1568 1714 1612 83
1731 1570 1784 1612 P.
1805 1569 1942 1625 Igna-

298 1647 411 1690 tium
439 1646 582 1703 pridie
611 1646 827 1689 kalendas
856 1645 1076 1702 Augusti:
1109 1645 1221 1688 nihil
1250 1645 1389 1688 aliud.
1422 1644 1508 1688 Fui
1530 1646 1767 1702 perculsus
1790 1645 1947 1690 animo

297 1723 508 1781 primurn,
540 1724 621 1768 sed
658 1722 811 1766 statim
848 1724 966 1767 bene
1002 1723 1198 1779 speraui,
1231 1723 1353 1779 quod
1391 1723 1484 1767 fere
1521 1722 1688 1767 nostris
1724 1722 1940 1780 contigit.

297 1800 565 1845 Existimaui
586 1815 659 1845 me
685 1814 787 1844 esse
813 1799 1047 1843 vicarium:
1081 1800 1397 1844 existimarunt
1428 1799 1548 1844 idem
1576 1800 1648 1856 alij
1680 1803 1857 1854 Patres,
1881 1815 1939 1845 ex

295 1893 451 1924 eorum
475 1878 645 1935 (aderat
676 1877 797 1921 enirn
830 1878 883 1920 P.
919 1877 1206 1930 Franciscus,
1242 1879 1410 1930 Araoz,
1446 1878 1625 1931 Strada,
1661 1879 1936 1922 Bustaman-

294 1954 400 2008 tius,
434 1968 458 2010 3
482 1954 787 2011 prouinciales
815 1960 861 1998 et
888 1953 1237 2011 commissarius)
1267 1954 1455 1998 consilio
1484 1954 1642 2012 scripsi
1679 1956 1737 1999 ad
1773 1957 1940 2001 Patres

292 2031 515 2075 lusitanos
530 2037 581 2074 vt
598 2046 646 2075 se
662 2038 873 2088 pararent
895 2032 952 2075 ad
972 2030 1058 2075 iter
1079 2046 1332 2075 romanum.
1362 2034 1415 2075 P.
1436 2033 1473 2076 F
1475 2032 1723 2085 ranciscus,
1749 2047 1806 2076 ex
1823 2046 1937 2076 con-

290 2108 391 2152 silio
412 2107 707 2160 medicorum,
728 2107 841 2151 dixit
857 2123 907 2153 se
923 2122 1015 2151 non
1037 2122 1170 2164 posse
1192 2107 1273 2152 ire:
1299 2108 1420 2153 idem
1437 2109 1603 2152 Araoz:
1624 2110 1789 2154 Strada
1805 2108 1938 2153 vide-v

290 2186 427 2228 batur
449 2199 503 2229 eo
524 2184 757 2238 inclinare;
782 2198 866 2228 nec
889 2184 1246 2228 Bustamantius.
1278 2185 1284 2242 Ι

378 2261 543 2305 Paucis
565 2261 727 2305 diebus
749 2261 1006 2317 accepimus
1028 2260 1181 2305 literas
1203 2277 1229 2305 a
1258 2263 1311 2305 P.
1345 2263 1560 2315 Polanco,
1592 2261 1670 2318 qui
1698 2270 1935 2319 praeterea

289 2337 596 2383 intelleximus
619 2338 789 2381 factum
810 2337 1030 2381 vicariurn
1059 2340 1112 2381 P.
1144 2339 1363 2394 Laynem,
1396 2340 1518 2395 quod
1548 2353 1621 2383 me
1651 2353 1743 2383 non
1771 2341 1930 2385 turba-

289 2414 357 2459 uit
385 2416 417 2458 ⁵.
458 2416 509 2458 In
546 2415 716 2459 eisdem
737 2413 899 2459 litteris
926 2421 996 2458 est
1019 2414 1188 2458 indicta
1210 2415 1524 2472 congregatio,
1550 2430 1669 2472 quae
1690 2419 1928 2464 commode

286 2491 435 2548 potuit
455 2491 570 2544 fieri,
602 2506 707 2534 narn
735 2497 865 2534 erant
892 2490 1100 2535 induciae
1127 2491 1245 2535 inter
1272 2492 1535 2548 pontificem
1571 2500 1618 2536 et
1645 2493 1921 2551 Philippum.

285 2570 474 2622 Verum,
500 2574 675 2612 mutato
697 2574 854 2624 postea
875 2567 1079 2622 consilio,
1103 2567 1273 2612 indicta
1295 2568 1380 2612 fuit
1402 2570 1700 2627 congregatio
1727 2586 1820 2615 non
1846 2583 1924 2628 57,

282 2647 365 2691 sed
391 2646 408 2667 ⁴
441 2645 617 2706 [5]8.11ῐ][1
651 2659 834 2689 annum.
869 2646 1024 2701 Quum
1054 2645 1251 2690 viderem
1282 2648 1442 2692 Patres
1469 2646 1569 2691 illos
1591 2662 1680 2691 non
1705 2648 1923 2694 inclinare

282 2724 341 2766 ad
363 2723 788 2781 congregationem,
813 2736 911 2766 esse
933 2722 1068 2766 etiam
1090 2722 1212 2766 illam
1228 2723 1429 2777 dilatam,
1455 2725 1616 2782 rogaui
1633 2725 1742 2782 quid
1759 2740 1926 2771 cense-

353 2886 364 2906 ¹
415 2883 601 2919 Nicolaus
620 2883 868 2929 Montafians‚
887 2883 1099 2919 eanonicus
1126 2883 1408 2932 majoricensis,
1435 2886 1484 2922 de
1508 2899 1585 2935 quo
1610 2887 1766 2935 saepius
1790 2898 1924 2924 sermo

276 2942 398 2979 rediit
416 2942 456 2979 in
479 2942 629 2979 Chron.
651 2942 791 2979 Natal.

352 3005 367 3025 ²
419 3003 510 3048 Ms.,
532 3002 629 3038 uoli.

349 3063 363 3083 ⁵
413 3062 474 3097 De
491 3060 552 3097 his
571 3061 662 3097 vide
678 3061 944 3107 SACCHINUM‚
964 3063 1071 3099 Hist.
1094 3064 1195 3107 Soc„
1215 3069 1318 3112 part.
1343 3066 1394 3112 II,
1414 3066 1487 3103 lib.
1511 3075 1538 3113 1,
1554 3078 1595 3103 n.
1622 3065 1685 3102 26.

348 3122 366 3144 ⁴
414 3122 503 3163 Ms.,
523 3124 560 3158 et
577 3122 660 3158 sed.
