<?xml version="1.0" encoding="UTF-8"?>
<!DOCTYPE html PUBLIC "-//W3C//DTD XHTML 1.0 Transitional//EN"
    "http://www.w3.org/TR/xhtml1/DTD/xhtml1-transitional.dtd">
<html xmlns="http://www.w3.org/1999/xhtml" xml:lang="en" lang="en">
 <head>
  <title>
</title>
<meta http-equiv="Content-Type" content="text/html;charset=utf-8" />
  <meta name='ocr-system' content='tesseract 3.04.00' />
  <meta name='ocr-capabilities' content='ocr_page ocr_carea ocr_par ocr_line ocrx_word'/>
</head>
<body>
  <div class='ocr_page' id='page_1' title='image "./epistolaephieron02nadauoft_0141.png"; bbox 0 0 2196 3522; ppageno 0'>
   <div class='ocr_carea' id='block_1_1' title="bbox 865 255 1885 305">
    <p class='ocr_par' dir='ltr' id='par_1_1' title="bbox 865 255 1885 305">
     <span class='ocr_line' id='line_1_1' title="bbox 865 255 1885 305; baseline 0.001 -12"><span class='ocrx_word' id='word_1_1' title='bbox 865 257 907 293; x_wconf 91' lang='lat'>18</span> <span class='ocrx_word' id='word_1_2' title='bbox 931 255 1149 296; x_wconf 76' lang='lat' dir='ltr'>Oc’ronms</span> <span class='ocrx_word' id='word_1_3' title='bbox 1177 257 1269 304; x_wconf 90' lang='lat'>1562</span> <span class='ocrx_word' id='word_1_4' title='bbox 1818 268 1833 295; x_wconf 93' lang='lat'>1</span> <span class='ocrx_word' id='word_1_5' title='bbox 1842 267 1885 305; x_wconf 85' lang='lat'>15</span> 
     </span>
    </p>
   </div>
   <div class='ocr_carea' id='block_1_2' title="bbox 715 436 1419 561">
    <p class='ocr_par' dir='ltr' id='par_1_2' title="bbox 715 436 1419 561">
     <span class='ocr_line' id='line_1_2' title="bbox 1006 436 1125 477; baseline 0 0"><span class='ocrx_word' id='word_1_6' title='bbox 1006 436 1125 477; x_wconf 64' lang='lat'>21⁰</span> 
     </span>
     <span class='ocr_line' id='line_1_3' title="bbox 715 513 1419 561; baseline 0 -11"><span class='ocrx_word' id='word_1_7' title='bbox 715 515 760 550; x_wconf 90' lang='lat' dir='ltr'>P.</span> <span class='ocrx_word' id='word_1_8' title='bbox 790 513 1033 561; x_wconf 90' lang='lat' dir='ltr'>JOANNES</span> <span class='ocrx_word' id='word_1_9' title='bbox 1058 515 1130 550; x_wconf 92' lang='lat' dir='ltr'>DE</span> <span class='ocrx_word' id='word_1_10' title='bbox 1160 513 1419 553; x_wconf 91' lang='lat' dir='ltr'><strong>VICTORIA</strong></span> 
     </span>
    </p>
   </div>
   <div class='ocr_carea' id='block_1_3' title="bbox 514 593 1619 714">
    <p class='ocr_par' dir='ltr' id='par_1_3' title="bbox 514 593 1619 714">
     <span class='ocr_line' id='line_1_4' title="bbox 514 593 1619 638; baseline 0.002 -2"><span class='ocrx_word' id='word_1_11' title='bbox 514 593 762 636; x_wconf 90' lang='lat' dir='ltr'><strong>PATRI</strong></span> <span class='ocrx_word' id='word_1_12' title='bbox 795 593 1295 637; x_wconf 88' lang='lat' dir='ltr'><strong>HIERONYMO</strong></span> <span class='ocrx_word' id='word_1_13' title='bbox 1339 593 1619 638; x_wconf 94' lang='lat' dir='ltr'><strong>NADAL</strong></span> 
     </span>
     <span class='ocr_line' id='line_1_5' title="bbox 727 668 1397 714; baseline 0.001 -9"><span class='ocrx_word' id='word_1_14' title='bbox 727 677 930 714; x_wconf 64' lang='lat' dir='ltr'>vmmuss,</span> <span class='ocrx_word' id='word_1_15' title='bbox 952 668 996 704; x_wconf 93' lang='lat'>18</span> <span class='ocrx_word' id='word_1_16' title='bbox 1013 677 1224 706; x_wconf 75' lang='lat' dir='ltr'>ocronms</span> <span class='ocrx_word' id='word_1_17' title='bbox 1247 669 1337 714; x_wconf 83' lang='lat'>1562</span> <span class='ocrx_word' id='word_1_18' title='bbox 1367 671 1397 706; x_wconf 90' lang='lat'>¹.</span> 
     </span>
    </p>
   </div>
   <div class='ocr_carea' id='block_1_4' title="bbox 242 745 1886 914">
    <p class='ocr_par' dir='ltr' id='par_1_4' title="bbox 242 745 1886 914">
     <span class='ocr_line' id='line_1_6' title="bbox 242 745 1886 795; baseline 0.002 -13"><span class='ocrx_word' id='word_1_19' title='bbox 242 756 276 782; x_wconf 86' lang='lat'><strong>1.</strong></span> <span class='ocrx_word' id='word_1_20' title='bbox 303 746 542 782; x_wconf 83' lang='lat' dir='ltr'><strong><em>Tridentum</em></strong></span> <span class='ocrx_word' id='word_1_21' title='bbox 551 745 838 794; x_wconf 82' lang='lat' dir='ltr'>profecturum</span> <span class='ocrx_word' id='word_1_22' title='bbox 854 758 894 782; x_wconf 85' lang='lat' dir='ltr'>se</span> <span class='ocrx_word' id='word_1_23' title='bbox 906 746 1107 782; x_wconf 80' lang='lat' dir='ltr'>dicit.-2.</span> <span class='ocrx_word' id='word_1_24' title='bbox 1126 746 1488 783; x_wconf 80' lang='lat' dir='ltr'>Animadversioni</span> <span class='ocrx_word' id='word_1_25' title='bbox 1500 748 1703 784; x_wconf 85' lang='lat' dir='ltr'><strong><em>sodalium</em></strong></span> <span class='ocrx_word' id='word_1_26' title='bbox 1717 760 1886 795; x_wconf 78' lang='lat' dir='ltr'>suorum</span> 
     </span>
     <span class='ocr_line' id='line_1_7' title="bbox 305 805 1884 858; baseline 0.002 -16"><span class='ocrx_word' id='word_1_27' title='bbox 305 807 454 858; x_wconf 12' lang='lat' dir='ltr'>«libenti</span> <span class='ocrx_word' id='word_1_28' title='bbox 466 807 606 842; x_wconf 85' lang='lat' dir='ltr'>animo</span> <span class='ocrx_word' id='word_1_29' title='bbox 622 818 662 842; x_wconf 87' lang='lat' dir='ltr'>se</span> <span class='ocrx_word' id='word_1_30' title='bbox 690 805 956 853; x_wconf 82' lang='lat' dir='ltr'>subjicit.—3.</span> <span class='ocrx_word' id='word_1_31' title='bbox 994 806 1116 852; x_wconf 79' lang='lat' dir='ltr'>Quod</span> <span class='ocrx_word' id='word_1_32' title='bbox 1144 806 1200 841; x_wconf 84' lang='lat' dir='ltr'>ad</span> <span class='ocrx_word' id='word_1_33' title='bbox 1231 805 1411 853; x_wconf 84' lang='lat' dir='ltr'>officium</span> <span class='ocrx_word' id='word_1_34' title='bbox 1439 807 1515 843; x_wconf 86' lang='lat' dir='ltr'><strong><em>sibi</em></strong></span> <span class='ocrx_word' id='word_1_35' title='bbox 1537 809 1884 856; x_wconf 83' lang='lat' dir='ltr'>committendum,</span> 
     </span>
     <span class='ocr_line' id='line_1_8' title="bbox 308 865 1886 914; baseline 0.002 -12"><span class='ocrx_word' id='word_1_36' title='bbox 308 867 535 914; x_wconf 76' lang='lat' dir='ltr'><em>praepositi</em></span> <span class='ocrx_word' id='word_1_37' title='bbox 554 867 763 903; x_wconf 78' lang='lat' dir='ltr'>Societatis</span> <span class='ocrx_word' id='word_1_38' title='bbox 782 866 931 903; x_wconf 84' lang='lat' dir='ltr'><strong><em>liberae</em></strong></span> <span class='ocrx_word' id='word_1_39' title='bbox 955 865 1160 902; x_wconf 82' lang='lat' dir='ltr'>voluntati</span> <span class='ocrx_word' id='word_1_40' title='bbox 1182 865 1227 901; x_wconf 83' lang='lat' dir='ltr'>id</span> <span class='ocrx_word' id='word_1_41' title='bbox 1245 867 1418 913; x_wconf 78' lang='lat' dir='ltr'>prorsus</span> <span class='ocrx_word' id='word_1_42' title='bbox 1447 867 1660 914; x_wconf 81' lang='lat' dir='ltr'><em>relinquit,</em></span> <span class='ocrx_word' id='word_1_43' title='bbox 1675 869 1730 904; x_wconf 83' lang='lat' dir='ltr'>ad</span> <span class='ocrx_word' id='word_1_44' title='bbox 1747 870 1886 905; x_wconf 82' lang='lat' dir='ltr'>omnia</span> 
     </span>
    </p>
   </div>
   <div class='ocr_carea' id='block_1_5' title="bbox 213 929 1880 2275">
    <p class='ocr_par' dir='ltr' id='par_1_5' title="bbox 308 929 502 974">
     <span class='ocr_line' id='line_1_9' title="bbox 308 929 502 974; baseline 0 -12"><span class='ocrx_word' id='word_1_45' title='bbox 308 929 502 974; x_wconf 76' lang='lat' dir='ltr'>paratus.</span> 
     </span>
    </p>

    <p class='ocr_par' dir='ltr' id='par_1_6' title="bbox 1006 1001 1107 1097">
     <span class='ocr_line' id='line_1_10' title="bbox 1053 1001 1076 1037; baseline 0 -18"><span class='ocrx_word' id='word_1_46' title='bbox 1053 1001 1076 1037; x_wconf 84' lang='lat'>†</span> 
     </span>
     <span class='ocr_line' id='line_1_11' title="bbox 1006 1040 1107 1097; baseline 0 -15"><span class='ocrx_word' id='word_1_47' title='bbox 1006 1040 1107 1097; x_wconf 78' lang='lat' dir='ltr'><strong>jhs.</strong></span> 
     </span>
    </p>

    <p class='ocr_par' dir='ltr' id='par_1_7' title="bbox 230 1134 1880 1657">
     <span class='ocr_line' id='line_1_12' title="bbox 306 1134 1880 1192; baseline 0 -12"><span class='ocrx_word' id='word_1_48' title='bbox 306 1149 342 1180; x_wconf 94' lang='lat'><strong>1.</strong></span> <span class='ocrx_word' id='word_1_49' title='bbox 408 1135 568 1180; x_wconf 82' lang='lat' dir='ltr'>Gratia</span> <span class='ocrx_word' id='word_1_50' title='bbox 589 1142 636 1180; x_wconf 88' lang='lat' dir='ltr'>et</span> <span class='ocrx_word' id='word_1_51' title='bbox 651 1149 739 1192; x_wconf 86' lang='lat' dir='ltr'>pax</span> <span class='ocrx_word' id='word_1_52' title='bbox 775 1134 902 1192; x_wconf 91' lang='lat' dir='ltr'>Xpi.,</span> <span class='ocrx_word' id='word_1_53' title='bbox 926 1136 1285 1191; x_wconf 78' lang='lat' dir='ltr'>etc—Despues</span> <span class='ocrx_word' id='word_1_54' title='bbox 1321 1135 1379 1179; x_wconf 90' lang='lat' dir='ltr'>de</span> <span class='ocrx_word' id='word_1_55' title='bbox 1407 1137 1550 1178; x_wconf 91' lang='lat' dir='ltr'>hauer</span> <span class='ocrx_word' id='word_1_56' title='bbox 1575 1136 1798 1180; x_wconf 87' lang='lat' dir='ltr'>escusado</span> <span class='ocrx_word' id='word_1_57' title='bbox 1819 1137 1880 1180; x_wconf 91' lang='lat' dir='ltr'>mi</span> 
     </span>
     <span class='ocr_line' id='line_1_13' title="bbox 241 1212 1878 1270; baseline 0.001 -14"><span class='ocrx_word' id='word_1_58' title='bbox 241 1214 315 1258; x_wconf 88' lang='lat' dir='ltr'>ida</span> <span class='ocrx_word' id='word_1_59' title='bbox 336 1217 363 1257; x_wconf 78' lang='lat' dir='ltr'>a</span> <span class='ocrx_word' id='word_1_60' title='bbox 385 1215 555 1257; x_wconf 87' lang='lat' dir='ltr'>Trento</span> <span class='ocrx_word' id='word_1_61' title='bbox 581 1227 639 1257; x_wconf 91' lang='lat' dir='ltr'>en</span> <span class='ocrx_word' id='word_1_62' title='bbox 666 1214 833 1270; x_wconf 86' lang='lat' dir='ltr'>Praga,</span> <span class='ocrx_word' id='word_1_63' title='bbox 857 1214 948 1256; x_wconf 90' lang='lat' dir='ltr'>han</span> <span class='ocrx_word' id='word_1_64' title='bbox 977 1212 1170 1256; x_wconf 90' lang='lat' dir='ltr'>tornado</span> <span class='ocrx_word' id='word_1_65' title='bbox 1199 1215 1305 1270; x_wconf 85' lang='lat' dir='ltr'>aqui</span> <span class='ocrx_word' id='word_1_66' title='bbox 1343 1219 1465 1258; x_wconf 88' lang='lat' dir='ltr'>estos</span> <span class='ocrx_word' id='word_1_67' title='bbox 1505 1214 1676 1258; x_wconf 90' lang='lat' dir='ltr'>Padres</span> <span class='ocrx_word' id='word_1_68' title='bbox 1712 1217 1739 1256; x_wconf 76' lang='lat' dir='ltr'>a</span> <span class='ocrx_word' id='word_1_69' title='bbox 1766 1227 1878 1258; x_wconf 92' lang='lat' dir='ltr'>con—</span> 
     </span>
     <span class='ocr_line' id='line_1_14' title="bbox 239 1289 1877 1348; baseline 0.001 -14"><span class='ocrx_word' id='word_1_70' title='bbox 239 1291 369 1347; x_wconf 90' lang='lat' dir='ltr'>cluyr</span> <span class='ocrx_word' id='word_1_71' title='bbox 390 1305 478 1348; x_wconf 90' lang='lat' dir='ltr'>que</span> <span class='ocrx_word' id='word_1_72' title='bbox 498 1305 558 1347; x_wconf 90' lang='lat' dir='ltr'>yo</span> <span class='ocrx_word' id='word_1_73' title='bbox 579 1304 711 1347; x_wconf 90' lang='lat' dir='ltr'>uaya.</span> <span class='ocrx_word' id='word_1_74' title='bbox 738 1291 779 1334; x_wconf 92' lang='lat' dir='ltr'>Y</span> <span class='ocrx_word' id='word_1_75' title='bbox 802 1305 889 1334; x_wconf 91' lang='lat' dir='ltr'>con</span> <span class='ocrx_word' id='word_1_76' title='bbox 911 1290 1018 1334; x_wconf 93' lang='lat' dir='ltr'>todo</span> <span class='ocrx_word' id='word_1_77' title='bbox 1039 1297 1138 1334; x_wconf 88' lang='lat' dir='ltr'>esto</span> <span class='ocrx_word' id='word_1_78' title='bbox 1159 1304 1232 1334; x_wconf 89' lang='lat' dir='ltr'>me</span> <span class='ocrx_word' id='word_1_79' title='bbox 1254 1291 1312 1333; x_wconf 90' lang='lat' dir='ltr'>he</span> <span class='ocrx_word' id='word_1_80' title='bbox 1334 1289 1548 1335; x_wconf 90' lang='lat' dir='ltr'>detenido</span> <span class='ocrx_word' id='word_1_81' title='bbox 1565 1291 1763 1348; x_wconf 86' lang='lat' dir='ltr'>algunos</span> <span class='ocrx_word' id='word_1_82' title='bbox 1779 1292 1877 1336; x_wconf 80' lang='lat' dir='ltr'>dias</span> 
     </span>
     <span class='ocr_line' id='line_1_15' title="bbox 239 1366 1872 1424; baseline 0.001 -13"><span class='ocrx_word' id='word_1_83' title='bbox 239 1371 344 1424; x_wconf 88' lang='lat' dir='ltr'>aqui</span> <span class='ocrx_word' id='word_1_84' title='bbox 363 1382 447 1424; x_wconf 88' lang='lat' dir='ltr'>por</span> <span class='ocrx_word' id='word_1_85' title='bbox 467 1382 650 1424; x_wconf 87' lang='lat' dir='ltr'>esperar</span> <span class='ocrx_word' id='word_1_86' title='bbox 671 1371 697 1411; x_wconf 79' lang='grc'>3</span> <span class='ocrx_word' id='word_1_87' title='bbox 719 1368 776 1411; x_wconf 93' lang='lat' dir='ltr'>V.</span> <span class='ocrx_word' id='word_1_88' title='bbox 804 1369 858 1411; x_wconf 91' lang='lat' dir='ltr'>R.</span> <span class='ocrx_word' id='word_1_89' title='bbox 881 1367 942 1411; x_wconf 90' lang='lat' dir='ltr'>Al</span> <span class='ocrx_word' id='word_1_90' title='bbox 957 1367 1038 1419; x_wconf 88' lang='lat' dir='ltr'>fin,</span> <span class='ocrx_word' id='word_1_91' title='bbox 1058 1366 1330 1423; x_wconf 88' lang='lat' dir='ltr'>pareziendo</span> <span class='ocrx_word' id='word_1_92' title='bbox 1346 1381 1419 1411; x_wconf 91' lang='lat' dir='ltr'>ser</span> <span class='ocrx_word' id='word_1_93' title='bbox 1436 1367 1691 1412; x_wconf 85' lang='lat' dir='ltr'>necessaria</span> <span class='ocrx_word' id='word_1_94' title='bbox 1707 1368 1751 1412; x_wconf 92' lang='lat' dir='ltr'>la</span> <span class='ocrx_word' id='word_1_95' title='bbox 1766 1369 1872 1424; x_wconf 88' lang='lat' dir='ltr'>yda,</span> 
     </span>
     <span class='ocr_line' id='line_1_16' title="bbox 234 1443 1875 1502; baseline 0.001 -14"><span class='ocrx_word' id='word_1_96' title='bbox 234 1459 266 1501; x_wconf 89' lang='lat' dir='ltr'><strong>y</strong></span> <span class='ocrx_word' id='word_1_97' title='bbox 282 1459 387 1501; x_wconf 93' lang='lat' dir='ltr'>que,</span> <span class='ocrx_word' id='word_1_98' title='bbox 411 1448 559 1502; x_wconf 73' lang='lat' dir='ltr'>segt&#39;m</span> <span class='ocrx_word' id='word_1_99' title='bbox 581 1444 665 1488; x_wconf 90' lang='lat' dir='ltr'>mis</span> <span class='ocrx_word' id='word_1_100' title='bbox 685 1451 948 1501; x_wconf 89' lang='lat' dir='ltr'>conceptos,</span> <span class='ocrx_word' id='word_1_101' title='bbox 968 1458 1149 1499; x_wconf 92' lang='lat' dir='ltr'>avnque</span> <span class='ocrx_word' id='word_1_102' title='bbox 1166 1444 1223 1488; x_wconf 90' lang='lat' dir='ltr'>V.</span> <span class='ocrx_word' id='word_1_103' title='bbox 1251 1445 1305 1487; x_wconf 90' lang='lat' dir='ltr'>R.</span> <span class='ocrx_word' id='word_1_104' title='bbox 1327 1443 1581 1488; x_wconf 87' lang='lat' dir='ltr'>estuuiesse</span> <span class='ocrx_word' id='word_1_105' title='bbox 1597 1448 1719 1500; x_wconf 87' lang='lat' dir='ltr'>aqui,</span> <span class='ocrx_word' id='word_1_106' title='bbox 1739 1460 1798 1501; x_wconf 93' lang='lat' dir='ltr'>yo</span> <span class='ocrx_word' id='word_1_107' title='bbox 1815 1460 1875 1490; x_wconf 91' lang='lat' dir='ltr'>no</span> 
     </span>
     <span class='ocr_line' id='line_1_17' title="bbox 233 1520 1872 1578; baseline 0.001 -12"><span class='ocrx_word' id='word_1_108' title='bbox 233 1525 351 1566; x_wconf 88' lang='lat' dir='ltr'>seria</span> <span class='ocrx_word' id='word_1_109' title='bbox 371 1521 642 1576; x_wconf 84' lang='lat' dir='ltr'>necessari03</span> <span class='ocrx_word' id='word_1_110' title='bbox 674 1536 756 1578; x_wconf 92' lang='lat' dir='ltr'>por</span> <span class='ocrx_word' id='word_1_111' title='bbox 782 1535 842 1565; x_wconf 93' lang='lat' dir='ltr'>no</span> <span class='ocrx_word' id='word_1_112' title='bbox 870 1528 992 1566; x_wconf 89' lang='lat' dir='ltr'>estar</span> <span class='ocrx_word' id='word_1_113' title='bbox 1018 1520 1191 1576; x_wconf 88' lang='lat' dir='ltr'>ocioso,</span> <span class='ocrx_word' id='word_1_114' title='bbox 1221 1522 1280 1564; x_wconf 93' lang='lat' dir='ltr'>he</span> <span class='ocrx_word' id='word_1_115' title='bbox 1318 1521 1500 1564; x_wconf 90' lang='lat' dir='ltr'>tomado</span> <span class='ocrx_word' id='word_1_116' title='bbox 1528 1521 1570 1566; x_wconf 91' lang='lat' dir='ltr'>el</span> <span class='ocrx_word' id='word_1_117' title='bbox 1606 1521 1783 1578; x_wconf 90' lang='lat' dir='ltr'>partido</span> <span class='ocrx_word' id='word_1_118' title='bbox 1815 1523 1872 1568; x_wconf 90' lang='lat' dir='ltr'>de</span> 
     </span>
     <span class='ocr_line' id='line_1_18' title="bbox 230 1597 1868 1657; baseline 0.001 -14"><span class='ocrx_word' id='word_1_119' title='bbox 230 1599 434 1643; x_wconf 91' lang='lat' dir='ltr'>concluir</span> <span class='ocrx_word' id='word_1_120' title='bbox 455 1600 498 1645; x_wconf 89' lang='lat' dir='ltr'>el</span> <span class='ocrx_word' id='word_1_121' title='bbox 518 1599 711 1657; x_wconf 88' lang='lat' dir='ltr'>negocio</span> <span class='ocrx_word' id='word_1_122' title='bbox 733 1599 1024 1651; x_wconf 90' lang='lat' dir='ltr'>comenzado,</span> <span class='ocrx_word' id='word_1_123' title='bbox 1050 1599 1123 1643; x_wconf 92' lang='lat' dir='ltr'>del</span> <span class='ocrx_word' id='word_1_124' title='bbox 1145 1598 1253 1655; x_wconf 91' lang='lat' dir='ltr'>qual</span> <span class='ocrx_word' id='word_1_125' title='bbox 1278 1597 1554 1643; x_wconf 79' lang='lat' dir='ltr'>informaran</span> <span class='ocrx_word' id='word_1_126' title='bbox 1577 1602 1658 1642; x_wconf 80' lang='grc'>363</span> <span class='ocrx_word' id='word_1_127' title='bbox 1679 1603 1706 1643; x_wconf 78' lang='lat' dir='ltr'>a</span> <span class='ocrx_word' id='word_1_128' title='bbox 1730 1601 1787 1643; x_wconf 95' lang='lat' dir='ltr'>V.</span> <span class='ocrx_word' id='word_1_129' title='bbox 1814 1601 1868 1644; x_wconf 90' lang='lat' dir='ltr'>R.</span> 
     </span>
    </p>

    <p class='ocr_par' dir='ltr' id='par_1_8' title="bbox 213 1676 1873 2275">
     <span class='ocr_line' id='line_1_19' title="bbox 213 1676 1869 1738; baseline 0 -17"><span class='ocrx_word' id='word_1_130' title='bbox 213 1736 221 1738; x_wconf 52' lang='lat'><strong><em>„</em></strong></span> <span class='ocrx_word' id='word_1_131' title='bbox 323 1689 365 1721; x_wconf 91' lang='lat'><strong>2.</strong></span> <span class='ocrx_word' id='word_1_132' title='bbox 431 1678 616 1733; x_wconf 82' lang='lat' dir='ltr'>Quanto</span> <span class='ocrx_word' id='word_1_133' title='bbox 636 1681 664 1721; x_wconf 81' lang='lat' dir='ltr'>a</span> <span class='ocrx_word' id='word_1_134' title='bbox 680 1677 725 1721; x_wconf 93' lang='grc'>10</span> <span class='ocrx_word' id='word_1_135' title='bbox 740 1677 896 1721; x_wconf 76' lang='lat' dir='ltr'>demas</span> <span class='ocrx_word' id='word_1_136' title='bbox 911 1679 1147 1733; x_wconf 77' lang='lat' dir='ltr'>parezeme</span> <span class='ocrx_word' id='word_1_137' title='bbox 1169 1690 1258 1732; x_wconf 89' lang='lat' dir='ltr'>que</span> <span class='ocrx_word' id='word_1_138' title='bbox 1278 1690 1338 1733; x_wconf 88' lang='lat' dir='ltr'>yo</span> <span class='ocrx_word' id='word_1_139' title='bbox 1354 1691 1415 1720; x_wconf 91' lang='lat' dir='ltr'>no</span> <span class='ocrx_word' id='word_1_140' title='bbox 1430 1677 1490 1721; x_wconf 92' lang='lat' dir='ltr'>he</span> <span class='ocrx_word' id='word_1_141' title='bbox 1505 1676 1563 1719; x_wconf 90' lang='lat' dir='ltr'>de</span> <span class='ocrx_word' id='word_1_142' title='bbox 1578 1676 1704 1732; x_wconf 74' lang='grc'>(16611-</span> <span class='ocrx_word' id='word_1_143' title='bbox 1718 1677 1774 1721; x_wconf 88' lang='grc'>(16</span> <span class='ocrx_word' id='word_1_144' title='bbox 1792 1681 1869 1732; x_wconf 84' lang='grc'>1111,</span> 
     </span>
     <span class='ocr_line' id='line_1_20' title="bbox 231 1752 1873 1811; baseline 0.001 -14"><span class='ocrx_word' id='word_1_145' title='bbox 231 1754 280 1797; x_wconf 88' lang='grc'>111</span> <span class='ocrx_word' id='word_1_146' title='bbox 301 1755 359 1800; x_wconf 92' lang='grc'>(16</span> <span class='ocrx_word' id='word_1_147' title='bbox 380 1755 448 1798; x_wconf 91' lang='lat' dir='ltr'>los</span> <span class='ocrx_word' id='word_1_148' title='bbox 469 1761 609 1807; x_wconf 88' lang='lat' dir='ltr'>otros,</span> <span class='ocrx_word' id='word_1_149' title='bbox 640 1754 687 1798; x_wconf 90' lang='lat' dir='ltr'>ni</span> <span class='ocrx_word' id='word_1_150' title='bbox 713 1754 772 1799; x_wconf 93' lang='lat' dir='ltr'>de</span> <span class='ocrx_word' id='word_1_151' title='bbox 798 1753 1027 1811; x_wconf 88' lang='lat' dir='ltr'>negotios,</span> <span class='ocrx_word' id='word_1_152' title='bbox 1067 1757 1095 1797; x_wconf 91' lang='grc' dir='ltr'>ό</span> <span class='ocrx_word' id='word_1_153' title='bbox 1122 1767 1341 1799; x_wconf 84' lang='lat' dir='ltr'>comunes</span> <span class='ocrx_word' id='word_1_154' title='bbox 1367 1757 1394 1797; x_wconf 90' lang='grc' dir='ltr'>ό</span> <span class='ocrx_word' id='word_1_155' title='bbox 1423 1752 1735 1810; x_wconf 83' lang='lat' dir='ltr'>particulares,</span> <span class='ocrx_word' id='word_1_156' title='bbox 1766 1769 1873 1798; x_wconf 86' lang='lat' dir='ltr'>cosa</span> 
     </span>
     <span class='ocr_line' id='line_1_21' title="bbox 231 1830 1870 1889; baseline 0.002 -15"><span class='ocrx_word' id='word_1_157' title='bbox 231 1830 454 1889; x_wconf 86' lang='lat' dir='ltr'>ninguna,</span> <span class='ocrx_word' id='word_1_158' title='bbox 476 1832 591 1876; x_wconf 87' lang='lat' dir='ltr'>fasta</span> <span class='ocrx_word' id='word_1_159' title='bbox 607 1846 696 1888; x_wconf 92' lang='lat' dir='ltr'>que</span> <span class='ocrx_word' id='word_1_160' title='bbox 718 1845 776 1875; x_wconf 91' lang='lat' dir='ltr'>en</span> <span class='ocrx_word' id='word_1_161' title='bbox 797 1838 920 1875; x_wconf 88' lang='lat' dir='ltr'>estos</span> <span class='ocrx_word' id='word_1_162' title='bbox 946 1830 1168 1888; x_wconf 87' lang='lat' dir='ltr'>collegios</span> <span class='ocrx_word' id='word_1_163' title='bbox 1198 1830 1351 1876; x_wconf 92' lang='lat' dir='ltr'>donde</span> <span class='ocrx_word' id='word_1_164' title='bbox 1376 1845 1436 1887; x_wconf 93' lang='lat' dir='ltr'>yo</span> <span class='ocrx_word' id='word_1_165' title='bbox 1463 1832 1522 1874; x_wconf 91' lang='lat' dir='ltr'>he</span> <span class='ocrx_word' id='word_1_166' title='bbox 1543 1832 1721 1875; x_wconf 90' lang='lat' dir='ltr'>andado</span> <span class='ocrx_word' id='word_1_167' title='bbox 1742 1847 1773 1888; x_wconf 91' lang='lat' dir='ltr'><strong>y</strong></span> <span class='ocrx_word' id='word_1_168' title='bbox 1796 1846 1870 1877; x_wconf 87' lang='lat' dir='ltr'>es-</span> 
     </span>
     <span class='ocr_line' id='line_1_22' title="bbox 231 1907 1868 1964; baseline 0.001 -13"><span class='ocrx_word' id='word_1_169' title='bbox 231 1909 353 1961; x_wconf 91' lang='lat' dir='ltr'>tado,</span> <span class='ocrx_word' id='word_1_170' title='bbox 377 1909 467 1953; x_wconf 92' lang='lat' dir='ltr'>den</span> <span class='ocrx_word' id='word_1_171' title='bbox 488 1913 515 1952; x_wconf 78' lang='lat' dir='ltr'>a</span> <span class='ocrx_word' id='word_1_172' title='bbox 536 1909 593 1952; x_wconf 92' lang='lat' dir='ltr'>V.</span> <span class='ocrx_word' id='word_1_173' title='bbox 620 1910 673 1952; x_wconf 89' lang='lat' dir='ltr'>R.</span> <span class='ocrx_word' id='word_1_174' title='bbox 696 1907 994 1952; x_wconf 80' lang='lat' dir='ltr'>informacion</span> <span class='ocrx_word' id='word_1_175' title='bbox 1015 1908 1072 1952; x_wconf 91' lang='lat' dir='ltr'>de</span> <span class='ocrx_word' id='word_1_176' title='bbox 1095 1908 1218 1952; x_wconf 89' lang='lat' dir='ltr'>todo.</span> <span class='ocrx_word' id='word_1_177' title='bbox 1251 1909 1413 1952; x_wconf 91' lang='lat' dir='ltr'>Hecho</span> <span class='ocrx_word' id='word_1_178' title='bbox 1442 1914 1556 1961; x_wconf 85' lang='lat' dir='ltr'>esto,</span> <span class='ocrx_word' id='word_1_179' title='bbox 1584 1916 1754 1964; x_wconf 91' lang='lat' dir='ltr'>quanto</span> <span class='ocrx_word' id='word_1_180' title='bbox 1776 1913 1803 1953; x_wconf 78' lang='lat' dir='ltr'>a</span> <span class='ocrx_word' id='word_1_181' title='bbox 1824 1910 1868 1953; x_wconf 94' lang='lat'>10</span> 
     </span>
     <span class='ocr_line' id='line_1_23' title="bbox 229 1985 1867 2043; baseline 0.001 -14"><span class='ocrx_word' id='word_1_182' title='bbox 229 1999 319 2042; x_wconf 91' lang='lat' dir='ltr'>que</span> <span class='ocrx_word' id='word_1_183' title='bbox 342 1990 495 2030; x_wconf 81' lang='lat' dir='ltr'>tocara</span> <span class='ocrx_word' id='word_1_184' title='bbox 515 1990 542 2029; x_wconf 80' lang='lat' dir='ltr'>a</span> <span class='ocrx_word' id='word_1_185' title='bbox 563 1989 623 2030; x_wconf 89' lang='lat' dir='ltr'>mi</span> <span class='ocrx_word' id='word_1_186' title='bbox 645 2001 703 2031; x_wconf 87' lang='lat' dir='ltr'>en</span> <span class='ocrx_word' id='word_1_187' title='bbox 725 1985 985 2043; x_wconf 86' lang='lat' dir='ltr'>particular,</span> <span class='ocrx_word' id='word_1_188' title='bbox 1009 1999 1068 2042; x_wconf 94' lang='lat' dir='ltr'>yo</span> <span class='ocrx_word' id='word_1_189' title='bbox 1090 2000 1163 2030; x_wconf 89' lang='lat' dir='ltr'>me</span> <span class='ocrx_word' id='word_1_190' title='bbox 1190 1991 1364 2029; x_wconf 89' lang='lat' dir='ltr'>someto</span> <span class='ocrx_word' id='word_1_191' title='bbox 1392 1989 1419 2029; x_wconf 77' lang='lat' dir='ltr'>a</span> <span class='ocrx_word' id='word_1_192' title='bbox 1446 1986 1489 2029; x_wconf 90' lang='lat' dir='ltr'>la</span> <span class='ocrx_word' id='word_1_193' title='bbox 1515 1985 1812 2041; x_wconf 89' lang='lat' dir='ltr'>sindicatura,</span> <span class='ocrx_word' id='word_1_194' title='bbox 1836 2003 1867 2043; x_wconf 93' lang='lat' dir='ltr'>y</span> 
     </span>
     <span class='ocr_line' id='line_1_24' title="bbox 226 2062 1866 2120; baseline 0.001 -14"><span class='ocrx_word' id='word_1_195' title='bbox 226 2067 254 2106; x_wconf 81' lang='lat' dir='ltr'>a</span> <span class='ocrx_word' id='word_1_196' title='bbox 275 2064 318 2106; x_wconf 95' lang='grc'>10</span> <span class='ocrx_word' id='word_1_197' title='bbox 340 2077 445 2119; x_wconf 89' lang='lat' dir='ltr'>que,</span> <span class='ocrx_word' id='word_1_198' title='bbox 464 2063 597 2116; x_wconf 87' lang='lat' dir='ltr'>vista,</span> <span class='ocrx_word' id='word_1_199' title='bbox 622 2078 695 2107; x_wconf 91' lang='lat' dir='ltr'>me</span> <span class='ocrx_word' id='word_1_200' title='bbox 716 2063 945 2119; x_wconf 88' lang='lat' dir='ltr'>quisieren</span> <span class='ocrx_word' id='word_1_201' title='bbox 966 2062 1186 2120; x_wconf 83' lang='lat' dir='ltr'>imponer;</span> <span class='ocrx_word' id='word_1_202' title='bbox 1211 2077 1385 2119; x_wconf 88' lang='lat' dir='ltr'>porque</span> <span class='ocrx_word' id='word_1_203' title='bbox 1406 2066 1456 2107; x_wconf 85' lang='lat' dir='ltr'>se</span> <span class='ocrx_word' id='word_1_204' title='bbox 1484 2062 1590 2106; x_wconf 85' lang='lat' dir='ltr'><strong>bien</strong></span> <span class='ocrx_word' id='word_1_205' title='bbox 1612 2078 1672 2107; x_wconf 91' lang='lat' dir='ltr'>no</span> <span class='ocrx_word' id='word_1_206' title='bbox 1696 2068 1797 2108; x_wconf 76' lang='lat' dir='ltr'>sera</span> <span class='ocrx_word' id='word_1_207' title='bbox 1819 2064 1866 2107; x_wconf 93' lang='lat' dir='ltr'>ni</span> 
     </span>
     <span class='ocr_line' id='line_1_25' title="bbox 227 2140 1866 2197; baseline 0.001 -14"><span class='ocrx_word' id='word_1_208' title='bbox 227 2146 355 2184; x_wconf 88' lang='lat' dir='ltr'>tanto</span> <span class='ocrx_word' id='word_1_209' title='bbox 376 2154 507 2184; x_wconf 90' lang='lat' dir='ltr'>como</span> <span class='ocrx_word' id='word_1_210' title='bbox 527 2155 587 2196; x_wconf 85' lang='lat' dir='ltr'>yo</span> <span class='ocrx_word' id='word_1_211' title='bbox 608 2154 830 2193; x_wconf 90' lang='lat' dir='ltr'>merezco,</span> <span class='ocrx_word' id='word_1_212' title='bbox 855 2140 903 2183; x_wconf 91' lang='lat' dir='ltr'>ni</span> <span class='ocrx_word' id='word_1_213' title='bbox 926 2146 1136 2197; x_wconf 90' lang='lat' dir='ltr'>tampoco</span> <span class='ocrx_word' id='word_1_214' title='bbox 1153 2154 1262 2196; x_wconf 91' lang='lat' dir='ltr'>para</span> <span class='ocrx_word' id='word_1_215' title='bbox 1277 2147 1530 2197; x_wconf 89' lang='lat' dir='ltr'>apartarme</span> <span class='ocrx_word' id='word_1_216' title='bbox 1547 2141 1622 2185; x_wconf 92' lang='lat' dir='ltr'>del</span> <span class='ocrx_word' id='word_1_217' title='bbox 1638 2155 1764 2185; x_wconf 91' lang='lat' dir='ltr'>amor</span> <span class='ocrx_word' id='word_1_218' title='bbox 1784 2142 1866 2185; x_wconf 78' lang='lat' dir='ltr'>de·</span> 
     </span>
     <span class='ocr_line' id='line_1_26' title="bbox 227 2216 1866 2275; baseline 0.002 -16"><span class='ocrx_word' id='word_1_219' title='bbox 227 2216 334 2260; x_wconf 89' lang='lat' dir='ltr'>bido</span> <span class='ocrx_word' id='word_1_220' title='bbox 350 2221 377 2261; x_wconf 77' lang='lat' dir='ltr'>a</span> <span class='ocrx_word' id='word_1_221' title='bbox 393 2217 508 2262; x_wconf 90' lang='lat' dir='ltr'>Dios</span> <span class='ocrx_word' id='word_1_222' title='bbox 524 2219 583 2262; x_wconf 89' lang='lat' dir='ltr'>N.</span> <span class='ocrx_word' id='word_1_223' title='bbox 604 2218 652 2263; x_wconf 90' lang='lat' dir='ltr'><strong>S.</strong></span> <span class='ocrx_word' id='word_1_224' title='bbox 673 2232 702 2274; x_wconf 94' lang='lat' dir='ltr'>y</span> <span class='ocrx_word' id='word_1_225' title='bbox 718 2221 745 2261; x_wconf 74' lang='lat' dir='ltr'>a</span> <span class='ocrx_word' id='word_1_226' title='bbox 768 2218 811 2261; x_wconf 95' lang='grc'>13</span> <span class='ocrx_word' id='word_1_227' title='bbox 828 2218 843 2239; x_wconf 79' lang='lat'>²</span> <span class='ocrx_word' id='word_1_228' title='bbox 863 2218 1114 2274; x_wconf 80' lang='lat' dir='ltr'>Compafiia</span> <span class='ocrx_word' id='word_1_229' title='bbox 1131 2218 1164 2260; x_wconf 84' lang='lat'><strong>³.</strong></span> <span class='ocrx_word' id='word_1_230' title='bbox 1190 2218 1377 2274; x_wconf 78' lang='lat' dir='ltr'>Quanto</span> <span class='ocrx_word' id='word_1_231' title='bbox 1399 2221 1425 2261; x_wconf 76' lang='lat' dir='ltr'>a</span> <span class='ocrx_word' id='word_1_232' title='bbox 1447 2218 1517 2261; x_wconf 90' lang='lat' dir='ltr'>los</span> <span class='ocrx_word' id='word_1_233' title='bbox 1538 2217 1750 2275; x_wconf 88' lang='lat' dir='ltr'>negotios</span> <span class='ocrx_word' id='word_1_234' title='bbox 1770 2218 1866 2262; x_wconf 78' lang='lat' dir='ltr'>dire</span> 
     </span>
    </p>
   </div>
   <div class='ocr_carea' id='block_1_6' title="bbox 270 2365 1817 2414">
    <p class='ocr_par' dir='ltr' id='par_1_9' title="bbox 270 2365 1817 2414">
     <span class='ocr_line' id='line_1_27' title="bbox 270 2365 1817 2414; baseline 0.003 -16"><span class='ocrx_word' id='word_1_235' title='bbox 270 2396 273 2398; x_wconf 83' lang='lat'><strong>.</strong></span> <span class='ocrx_word' id='word_1_236' title='bbox 300 2368 311 2388; x_wconf 95' lang='lat'>¹</span> <span class='ocrx_word' id='word_1_237' title='bbox 361 2366 421 2401; x_wconf 88' lang='lat' dir='ltr'>Ex</span> <span class='ocrx_word' id='word_1_238' title='bbox 437 2368 694 2414; x_wconf 90' lang='lat' dir='ltr'>autographo,</span> <span class='ocrx_word' id='word_1_239' title='bbox 709 2367 749 2403; x_wconf 92' lang='lat' dir='ltr'>in</span> <span class='ocrx_word' id='word_1_240' title='bbox 772 2365 867 2403; x_wconf 80' lang='lat' dir='ltr'>cod.</span> <span class='ocrx_word' id='word_1_241' title='bbox 883 2376 943 2412; x_wconf 88' lang='lat'>29,</span> <span class='ocrx_word' id='word_1_242' title='bbox 960 2366 1015 2412; x_wconf 90' lang='lat' dir='ltr'>b),</span> <span class='ocrx_word' id='word_1_243' title='bbox 1040 2365 1236 2402; x_wconf 85' lang='lat' dir='ltr'>German.</span> <span class='ocrx_word' id='word_1_244' title='bbox 1262 2366 1409 2414; x_wconf 68' lang='lat' dir='ltr'>Epist„</span> <span class='ocrx_word' id='word_1_245' title='bbox 1430 2366 1546 2403; x_wconf 92' lang='lat' dir='ltr'>unico</span> <span class='ocrx_word' id='word_1_246' title='bbox 1563 2367 1647 2411; x_wconf 61' lang='lat' dir='ltr'>fol„</span> <span class='ocrx_word' id='word_1_247' title='bbox 1666 2377 1713 2412; x_wconf 88' lang='lat'>40</span> <span class='ocrx_word' id='word_1_248' title='bbox 1726 2366 1817 2413; x_wconf 92' lang='lat'><strong>(93).</strong></span> 
     </span>
    </p>
   </div>
   <div class='ocr_carea' id='block_1_7' title="bbox 298 2425 1867 2532">
    <p class='ocr_par' dir='ltr' id='par_1_10' title="bbox 298 2425 1867 2532">
     <span class='ocr_line' id='line_1_28' title="bbox 298 2425 845 2471; baseline 0.002 -10"><span class='ocrx_word' id='word_1_249' title='bbox 298 2426 313 2447; x_wconf 77' lang='lat'>¹</span> <span class='ocrx_word' id='word_1_250' title='bbox 363 2425 454 2470; x_wconf 91' lang='lat' dir='ltr'>Ms.,</span> <span class='ocrx_word' id='word_1_251' title='bbox 472 2427 573 2471; x_wconf 86' lang='lat' dir='ltr'>alla,</span> <span class='ocrx_word' id='word_1_252' title='bbox 592 2427 656 2463; x_wconf 88' lang='lat' dir='ltr'>hic</span> <span class='ocrx_word' id='word_1_253' title='bbox 673 2432 714 2462; x_wconf 89' lang='lat' dir='ltr'>et</span> <span class='ocrx_word' id='word_1_254' title='bbox 730 2426 845 2462; x_wconf 88' lang='lat' dir='ltr'>infra.</span> 
     </span>
     <span class='ocr_line' id='line_1_29' title="bbox 299 2483 1867 2532; baseline 0.001 -13"><span class='ocrx_word' id='word_1_255' title='bbox 299 2483 315 2504; x_wconf 79' lang='lat'>⁵</span> <span class='ocrx_word' id='word_1_256' title='bbox 363 2484 419 2520; x_wconf 90' lang='lat' dir='ltr'>Ut</span> <span class='ocrx_word' id='word_1_257' title='bbox 435 2485 532 2520; x_wconf 91' lang='lat' dir='ltr'>haec</span> <span class='ocrx_word' id='word_1_258' title='bbox 550 2485 690 2521; x_wconf 90' lang='lat' dir='ltr'>melius</span> <span class='ocrx_word' id='word_1_259' title='bbox 707 2485 993 2532; x_wconf 84' lang='lat' dir='ltr'>intelligantur,</span> <span class='ocrx_word' id='word_1_260' title='bbox 1007 2484 1320 2521; x_wconf 88' lang='lat' dir='ltr'>animadvertere</span> <span class='ocrx_word' id='word_1_261' title='bbox 1337 2491 1491 2532; x_wconf 90' lang='lat' dir='ltr'>oportet</span> <span class='ocrx_word' id='word_1_262' title='bbox 1510 2486 1666 2521; x_wconf 87' lang='lat' dir='ltr'>Patrem</span> <span class='ocrx_word' id='word_1_263' title='bbox 1692 2486 1867 2521; x_wconf 88' lang='lat' dir='ltr'>Victoria</span> 
     </span>
    </p>
   </div>
   <div class='ocr_carea' id='block_1_8' title="bbox 217 2544 1864 3125">
    <p class='ocr_par' dir='ltr' id='par_1_11' title="bbox 217 2544 1864 3125">
     <span class='ocr_line' id='line_1_30' title="bbox 226 2544 1863 2593; baseline 0.001 -15"><span class='ocrx_word' id='word_1_264' title='bbox 226 2554 249 2578; x_wconf 90' lang='grc'>3</span> <span class='ocrx_word' id='word_1_265' title='bbox 266 2554 337 2579; x_wconf 91' lang='lat' dir='ltr'>suo</span> <span class='ocrx_word' id='word_1_266' title='bbox 354 2544 576 2590; x_wconf 88' lang='lat' dir='ltr'>praeposito</span> <span class='ocrx_word' id='word_1_267' title='bbox 594 2544 823 2591; x_wconf 90' lang='lat' dir='ltr'>provinciali</span> <span class='ocrx_word' id='word_1_268' title='bbox 840 2546 885 2580; x_wconf 87' lang='lat' dir='ltr'><strong>B.</strong></span> <span class='ocrx_word' id='word_1_269' title='bbox 905 2545 1022 2580; x_wconf 89' lang='lat' dir='ltr'>Petro</span> <span class='ocrx_word' id='word_1_270' title='bbox 1039 2544 1214 2589; x_wconf 88' lang='lat' dir='ltr'>Canisio,</span> <span class='ocrx_word' id='word_1_271' title='bbox 1233 2545 1428 2582; x_wconf 90' lang='lat' dir='ltr'>immerito</span> <span class='ocrx_word' id='word_1_272' title='bbox 1451 2545 1625 2593; x_wconf 87' lang='lat' dir='ltr'>quidem,</span> <span class='ocrx_word' id='word_1_273' title='bbox 1651 2545 1863 2580; x_wconf 90' lang='lat' dir='ltr'>alienatum</span> 
     </span>
     <span class='ocr_line' id='line_1_31' title="bbox 223 2602 1862 2651; baseline 0.001 -14"><span class='ocrx_word' id='word_1_274' title='bbox 223 2602 363 2648; x_wconf 82' lang='lat' dir='ltr'>fuisse,</span> <span class='ocrx_word' id='word_1_275' title='bbox 381 2614 455 2638; x_wconf 91' lang='lat' dir='ltr'>nec</span> <span class='ocrx_word' id='word_1_276' title='bbox 473 2602 558 2649; x_wconf 85' lang='lat' dir='ltr'>ejus</span> <span class='ocrx_word' id='word_1_277' title='bbox 586 2604 833 2649; x_wconf 87' lang='lat' dir='ltr'>gubernandi</span> <span class='ocrx_word' id='word_1_278' title='bbox 861 2603 1053 2640; x_wconf 85' lang='lat' dir='ltr'>rationem</span> <span class='ocrx_word' id='word_1_279' title='bbox 1082 2605 1284 2651; x_wconf 90' lang='lat' dir='ltr'>probasse,</span> <span class='ocrx_word' id='word_1_280' title='bbox 1308 2610 1351 2641; x_wconf 89' lang='lat' dir='ltr'>ut</span> <span class='ocrx_word' id='word_1_281' title='bbox 1381 2606 1484 2640; x_wconf 89' lang='lat' dir='ltr'>clare</span> <span class='ocrx_word' id='word_1_282' title='bbox 1515 2604 1679 2649; x_wconf 88' lang='lat' dir='ltr'>eruitur,</span> <span class='ocrx_word' id='word_1_283' title='bbox 1711 2609 1794 2639; x_wconf 93' lang='lat' dir='ltr'>tum</span> <span class='ocrx_word' id='word_1_284' title='bbox 1812 2615 1862 2639; x_wconf 89' lang='lat' dir='ltr'>ex</span> 
     </span>
     <span class='ocr_line' id='line_1_32' title="bbox 224 2661 1862 2710; baseline 0.001 -13"><span class='ocrx_word' id='word_1_285' title='bbox 224 2661 392 2708; x_wconf 81' lang='lat' dir='ltr'>epistola</span> <span class='ocrx_word' id='word_1_286' title='bbox 407 2662 457 2697; x_wconf 90' lang='lat' dir='ltr'><strong>B.</strong></span> <span class='ocrx_word' id='word_1_287' title='bbox 476 2661 639 2704; x_wconf 89' lang='lat' dir='ltr'>Canisii,</span> <span class='ocrx_word' id='word_1_288' title='bbox 656 2672 679 2708; x_wconf 91' lang='lat'>4</span> <span class='ocrx_word' id='word_1_289' title='bbox 696 2663 789 2710; x_wconf 87' lang='lat' dir='ltr'>Maji</span> <span class='ocrx_word' id='word_1_290' title='bbox 805 2663 921 2710; x_wconf 89' lang='lat' dir='ltr'>hujus</span> <span class='ocrx_word' id='word_1_291' title='bbox 940 2662 1031 2699; x_wconf 90' lang='lat' dir='ltr'>anni</span> <span class='ocrx_word' id='word_1_292' title='bbox 1046 2662 1094 2698; x_wconf 86' lang='lat' dir='ltr'>ad</span> <span class='ocrx_word' id='word_1_293' title='bbox 1111 2663 1155 2698; x_wconf 91' lang='lat' dir='ltr'><strong>P.</strong></span> <span class='ocrx_word' id='word_1_294' title='bbox 1176 2663 1321 2700; x_wconf 91' lang='lat' dir='ltr'>Lainez</span> <span class='ocrx_word' id='word_1_295' title='bbox 1334 2664 1439 2708; x_wconf 89' lang='lat' dir='ltr'>data,</span> <span class='ocrx_word' id='word_1_296' title='bbox 1455 2670 1538 2699; x_wconf 90' lang='lat' dir='ltr'>tum</span> <span class='ocrx_word' id='word_1_297' title='bbox 1553 2675 1602 2699; x_wconf 86' lang='lat' dir='ltr'>ex</span> <span class='ocrx_word' id='word_1_298' title='bbox 1616 2662 1703 2698; x_wconf 90' lang='lat' dir='ltr'>aliis</span> <span class='ocrx_word' id='word_1_299' title='bbox 1718 2663 1862 2710; x_wconf 89' lang='lat' dir='ltr'>episto-</span> 
     </span>
     <span class='ocr_line' id='line_1_33' title="bbox 221 2720 1864 2771; baseline 0.001 -15"><span class='ocrx_word' id='word_1_300' title='bbox 221 2721 270 2765; x_wconf 89' lang='lat' dir='ltr'>lis</span> <span class='ocrx_word' id='word_1_301' title='bbox 288 2720 465 2767; x_wconf 88' lang='lat' dir='ltr'>ejusdem</span> <span class='ocrx_word' id='word_1_302' title='bbox 481 2722 526 2756; x_wconf 88' lang='lat' dir='ltr'><strong>P.</strong></span> <span class='ocrx_word' id='word_1_303' title='bbox 546 2721 706 2767; x_wconf 84' lang='lat' dir='ltr'>Lainez,</span> <span class='ocrx_word' id='word_1_304' title='bbox 725 2727 766 2758; x_wconf 90' lang='lat' dir='ltr'>et</span> <span class='ocrx_word' id='word_1_305' title='bbox 782 2723 907 2758; x_wconf 87' lang='lat' dir='ltr'>Nadal</span> <span class='ocrx_word' id='word_1_306' title='bbox 934 2722 1035 2758; x_wconf 88' lang='lat' dir='ltr'>infra</span> <span class='ocrx_word' id='word_1_307' title='bbox 1059 2722 1236 2759; x_wconf 84' lang='lat' dir='ltr'>edendis.</span> <span class='ocrx_word' id='word_1_308' title='bbox 1261 2724 1320 2759; x_wconf 88' lang='lat' dir='ltr'>Ex</span> <span class='ocrx_word' id='word_1_309' title='bbox 1347 2735 1462 2771; x_wconf 87' lang='lat' dir='ltr'>supra</span> <span class='ocrx_word' id='word_1_310' title='bbox 1486 2723 1591 2759; x_wconf 85' lang='lat' dir='ltr'>dicta</span> <span class='ocrx_word' id='word_1_311' title='bbox 1614 2722 1764 2758; x_wconf 85' lang='lat' dir='ltr'>Canisii</span> <span class='ocrx_word' id='word_1_312' title='bbox 1783 2723 1864 2770; x_wconf 91' lang='lat' dir='ltr'>epi-</span> 
     </span>
     <span class='ocr_line' id='line_1_34' title="bbox 219 2770 1861 2829; baseline 0.001 -14"><span class='ocrx_word' id='word_1_313' title='bbox 219 2781 320 2816; x_wconf 88' lang='lat' dir='ltr'>stola</span> <span class='ocrx_word' id='word_1_314' title='bbox 337 2781 434 2816; x_wconf 89' lang='lat' dir='ltr'>haec</span> <span class='ocrx_word' id='word_1_315' title='bbox 450 2770 500 2815; x_wconf 81' lang='lat' dir='ltr'>ad</span> <span class='ocrx_word' id='word_1_316' title='bbox 516 2792 599 2816; x_wconf 88' lang='lat' dir='ltr'>rem</span> <span class='ocrx_word' id='word_1_317' title='bbox 617 2787 791 2818; x_wconf 90' lang='lat' dir='ltr'>nostram</span> <span class='ocrx_word' id='word_1_318' title='bbox 808 2781 972 2826; x_wconf 84' lang='lat' dir='ltr'>faciunt,</span> <span class='ocrx_word' id='word_1_319' title='bbox 991 2793 1092 2829; x_wconf 92' lang='lat' dir='ltr'>quae</span> <span class='ocrx_word' id='word_1_320' title='bbox 1110 2781 1185 2829; x_wconf 88' lang='lat' dir='ltr'>ipsi</span> <span class='ocrx_word' id='word_1_321' title='bbox 1202 2781 1362 2819; x_wconf 88' lang='lat' dir='ltr'>Canisio</span> <span class='ocrx_word' id='word_1_322' title='bbox 1379 2783 1429 2818; x_wconf 88' lang='lat' dir='ltr'>de</span> <span class='ocrx_word' id='word_1_323' title='bbox 1447 2784 1491 2818; x_wconf 93' lang='lat' dir='ltr'><strong>P.</strong></span> <span class='ocrx_word' id='word_1_324' title='bbox 1518 2781 1691 2818; x_wconf 91' lang='lat' dir='ltr'>Victoria</span> <span class='ocrx_word' id='word_1_325' title='bbox 1716 2781 1861 2818; x_wconf 87' lang='lat' dir='ltr'>scribe—</span> 
     </span>
     <span class='ocr_line' id='line_1_35' title="bbox 217 2839 1859 2888; baseline 0.001 -13"><span class='ocrx_word' id='word_1_326' title='bbox 217 2841 286 2875; x_wconf 91' lang='lat' dir='ltr'>bat</span> <span class='ocrx_word' id='word_1_327' title='bbox 308 2844 438 2875; x_wconf 89' lang='lat' dir='ltr'>rector</span> <span class='ocrx_word' id='word_1_328' title='bbox 459 2839 617 2885; x_wconf 87' lang='lat' dir='ltr'>collegii</span> <span class='ocrx_word' id='word_1_329' title='bbox 641 2840 858 2887; x_wconf 85' lang='lat' dir='ltr'>pragensis:</span> <span class='ocrx_word' id='word_1_330' title='bbox 890 2840 1136 2876; x_wconf 87' lang='lat' dir='ltr'>«Etiamnum</span> <span class='ocrx_word' id='word_1_331' title='bbox 1163 2852 1281 2888; x_wconf 88' lang='lat' dir='ltr'>saepe</span> <span class='ocrx_word' id='word_1_332' title='bbox 1305 2853 1350 2877; x_wconf 89' lang='lat' dir='ltr'>ac</span> <span class='ocrx_word' id='word_1_333' title='bbox 1372 2842 1547 2888; x_wconf 85' lang='lat' dir='ltr'>grauiter</span> <span class='ocrx_word' id='word_1_334' title='bbox 1577 2840 1673 2876; x_wconf 90' lang='lat' dir='ltr'>satis</span> <span class='ocrx_word' id='word_1_335' title='bbox 1698 2852 1767 2887; x_wconf 93' lang='lat' dir='ltr'>pro</span> <span class='ocrx_word' id='word_1_336' title='bbox 1786 2851 1859 2876; x_wconf 90' lang='lat' dir='ltr'>suo</span> 
     </span>
     <span class='ocr_line' id='line_1_36' title="bbox 218 2898 1863 2948; baseline 0 -14"><span class='ocrx_word' id='word_1_337' title='bbox 218 2910 326 2935; x_wconf 89' lang='lat' dir='ltr'>more</span> <span class='ocrx_word' id='word_1_338' title='bbox 343 2898 595 2946; x_wconf 88' lang='lat' dir='ltr'>conqueritur</span> <span class='ocrx_word' id='word_1_339' title='bbox 612 2898 661 2935; x_wconf 90' lang='lat' dir='ltr'>de</span> <span class='ocrx_word' id='word_1_340' title='bbox 680 2899 779 2935; x_wconf 92' lang='lat' dir='ltr'>Rdo.</span> <span class='ocrx_word' id='word_1_341' title='bbox 800 2900 916 2936; x_wconf 89' lang='lat' dir='ltr'>Patre</span> <span class='ocrx_word' id='word_1_342' title='bbox 934 2899 1183 2946; x_wconf 90' lang='lat' dir='ltr'>prouintiale,</span> <span class='ocrx_word' id='word_1_343' title='bbox 1201 2912 1319 2948; x_wconf 90' lang='lat' dir='ltr'>quem</span> <span class='ocrx_word' id='word_1_344' title='bbox 1337 2901 1430 2937; x_wconf 90' lang='lat' dir='ltr'>licet</span> <span class='ocrx_word' id='word_1_345' title='bbox 1447 2903 1506 2944; x_wconf 93' lang='lat' dir='ltr'>(ut</span> <span class='ocrx_word' id='word_1_346' title='bbox 1524 2900 1593 2945; x_wconf 89' lang='lat' dir='ltr'>ait)</span> <span class='ocrx_word' id='word_1_347' title='bbox 1619 2905 1723 2935; x_wconf 88' lang='lat' dir='ltr'>amet</span> <span class='ocrx_word' id='word_1_348' title='bbox 1741 2911 1786 2935; x_wconf 89' lang='lat' dir='ltr'>ac</span> <span class='ocrx_word' id='word_1_349' title='bbox 1803 2911 1863 2935; x_wconf 90' lang='lat' dir='ltr'>re-</span> 
     </span>
     <span class='ocr_line' id='line_1_37' title="bbox 220 2957 1861 3007; baseline 0.001 -14"><span class='ocrx_word' id='word_1_350' title='bbox 220 2963 416 3002; x_wconf 87' lang='lat' dir='ltr'>uereatur,</span> <span class='ocrx_word' id='word_1_351' title='bbox 436 2957 552 3004; x_wconf 86' lang='lat' dir='ltr'>offieij</span> <span class='ocrx_word' id='word_1_352' title='bbox 580 2963 620 2993; x_wconf 87' lang='lat' dir='ltr'>et</span> <span class='ocrx_word' id='word_1_353' title='bbox 638 2958 854 2994; x_wconf 89' lang='lat' dir='ltr'>vocationis</span> <span class='ocrx_word' id='word_1_354' title='bbox 873 2959 1037 3004; x_wconf 84' lang='lat' dir='ltr'>ratione3</span> <span class='ocrx_word' id='word_1_355' title='bbox 1069 2960 1176 2995; x_wconf 92' lang='lat' dir='ltr'>nullo</span> <span class='ocrx_word' id='word_1_356' title='bbox 1193 2964 1325 2996; x_wconf 90' lang='lat' dir='ltr'>tamen</span> <span class='ocrx_word' id='word_1_357' title='bbox 1343 2960 1473 3007; x_wconf 88' lang='lat' dir='ltr'>modo,</span> <span class='ocrx_word' id='word_1_358' title='bbox 1498 2959 1538 2995; x_wconf 92' lang='lat' dir='ltr'>in</span> <span class='ocrx_word' id='word_1_359' title='bbox 1559 2958 1861 3005; x_wconf 88' lang='lat' dir='ltr'>gubernatione,</span> 
     </span>
     <span class='ocr_line' id='line_1_38' title="bbox 217 3017 1864 3066; baseline 0.001 -14"><span class='ocrx_word' id='word_1_360' title='bbox 217 3022 356 3053; x_wconf 84' lang='lat' dir='ltr'>contra</span> <span class='ocrx_word' id='word_1_361' title='bbox 373 3029 483 3053; x_wconf 88' lang='lat' dir='ltr'>suam</span> <span class='ocrx_word' id='word_1_362' title='bbox 500 3017 783 3053; x_wconf 87' lang='lat' dir='ltr'>conscientiam</span> <span class='ocrx_word' id='word_1_363' title='bbox 800 3022 841 3053; x_wconf 90' lang='lat' dir='ltr'>et</span> <span class='ocrx_word' id='word_1_364' title='bbox 857 3029 947 3054; x_wconf 91' lang='lat' dir='ltr'>cum</span> <span class='ocrx_word' id='word_1_365' title='bbox 964 3017 1201 3054; x_wconf 87' lang='lat' dir='ltr'>detrimento</span> <span class='ocrx_word' id='word_1_366' title='bbox 1217 3019 1486 3066; x_wconf 87' lang='lat' dir='ltr'>collegiorum,</span> <span class='ocrx_word' id='word_1_367' title='bbox 1505 3019 1617 3066; x_wconf 91' lang='lat' dir='ltr'>sequi</span> <span class='ocrx_word' id='word_1_368' title='bbox 1630 3023 1774 3065; x_wconf 88' lang='lat' dir='ltr'>potest.</span> <span class='ocrx_word' id='word_1_369' title='bbox 1795 3018 1864 3054; x_wconf 88' lang='lat' dir='ltr'>Ait</span> 
     </span>
     <span class='ocr_line' id='line_1_39' title="bbox 220 3076 1862 3125; baseline 0.001 -13"><span class='ocrx_word' id='word_1_370' title='bbox 220 3087 340 3124; x_wconf 90' lang='lat' dir='ltr'>saepe</span> <span class='ocrx_word' id='word_1_371' title='bbox 357 3077 513 3113; x_wconf 85' lang='lat' dir='ltr'>Patrem</span> <span class='ocrx_word' id='word_1_372' title='bbox 534 3076 808 3124; x_wconf 81' lang='lat' dir='ltr'>prouintialem</span> <span class='ocrx_word' id='word_1_373' title='bbox 826 3087 904 3113; x_wconf 93' lang='lat' dir='ltr'>non</span> <span class='ocrx_word' id='word_1_374' title='bbox 928 3077 976 3113; x_wconf 90' lang='lat' dir='ltr'>ad</span> <span class='ocrx_word' id='word_1_375' title='bbox 1000 3078 1246 3124; x_wconf 90' lang='lat' dir='ltr'>prouintialis</span> <span class='ocrx_word' id='word_1_376' title='bbox 1268 3079 1454 3125; x_wconf 87' lang='lat' dir='ltr'>officium,</span> <span class='ocrx_word' id='word_1_377' title='bbox 1479 3078 1550 3114; x_wconf 87' lang='lat' dir='ltr'>sed</span> <span class='ocrx_word' id='word_1_378' title='bbox 1574 3077 1622 3113; x_wconf 89' lang='lat' dir='ltr'>ad</span> <span class='ocrx_word' id='word_1_379' title='bbox 1636 3077 1862 3114; x_wconf 86' lang='lat' dir='ltr'>contionan-</span> 
     </span>
    </p>
   </div>
  </div>
 </body>
</html>
