2196 3522
1018 276 1033 303 1
1039 267 1108 313 562
1834 273 1884 319 89

331 411 443 454 1⁷9
947 426 1190 458 SEGomAE

1006 571 1117 604 1562
1132 558 1143 571 ⁴

330 681 420 725 Hic
437 689 565 726 erant
583 681 868 726 incommode
884 690 930 728 et
947 684 1119 738 absque
1137 682 1419 739 fundatione,
1430 685 1489 730 de
1506 699 1597 741 qua
1612 686 1780 742 agebat
1795 688 1880 731 do—

240 765 339 803 ctor
375 758 596 804 Solierius
626 774 731 803 cum
760 767 958 817 cognato
986 758 1400 816 archipresbytero,
1438 775 1544 805 cum
1570 776 1663 818 quo
1695 765 1704 785 ¹
1736 778 1879 820 quum

236 849 480 893 ageremus
501 843 548 879 et
568 836 863 880 condiciones
883 835 1090 893 exigeret
1117 835 1324 890 dificiles,
1355 837 1491 893 plane
1518 839 1677 882 censui
1706 854 1878 884 renun-

233 912 438 957 tiandum
460 915 742 970 presbytero,
762 914 883 958 nolle
898 927 1007 956 suos
1023 920 1277 969 prouentus
1292 913 1511 970 recipere.
1535 929 1622 958 nec
1645 916 1879 961 fundatio-

234 994 356 1044 nem,
386 991 510 1047 quod
538 991 723 1034 factum.
757 988 1021 1046 Synceritas
1049 989 1293 1034 Societatis
1319 996 1366 1035 et
1392 991 1744 1048 magnanimitas
1771 1008 1878 1050 per—

232 1075 405 1125 specta,
435 1067 442 1126 Ι
470 1074 516 1113 et
539 1068 710 1111 factum
733 1069 791 1111 ab
812 1066 1025 1111 omnibus
1045 1067 1286 1123 probatum
1300 1101 1309 1111 .
1336 1067 1696 1125 Designauimus
1719 1085 1876 1115 emen-

233 1146 337 1189 dam
360 1146 546 1188 domum
568 1144 729 1201 Erasij,
754 1145 880 1200 quod
901 1143 1136 1189 successit.
1162 1143 1375 1198 Visitaui,
1399 1152 1489 1189 etc.
1508 1146 1543 1190 ¹.

323 1224 481 1279 Quum
509 1221 758 1279 Segouiam
783 1221 955 1267 adirem
981 1222 1040 1266 ad
1074 1229 1275 1267 montem
1310 1222 1465 1280 frigidi
1493 1224 1633 1268 fontis
1661 1239 1821 1269 sumus
1847 1239 1874 1268 e

233 1299 408 1343 niuium
430 1298 746 1356 magnitudine
767 1298 1024 1356 periclitati:
1049 1298 1216 1356 eripuit
1237 1314 1321 1343 nos
1342 1300 1584 1344 Dominus.

322 1419 440 1462 18⁰
964 1431 1143 1462 AUILAE

317 1532 423 1575 Huc
451 1509 678 1575 euocabar
706 1530 838 1574 anxie
872 1537 1058 1587 propter
1086 1530 1264 1583 turbas,
1296 1545 1412 1587 quae
1439 1522 1721 1577 incesserant
1755 1532 1875 1577 inter

224 1615 446 1653 rectorem
460 1609 643 1654 Salazar
656 1615 702 1652 et
720 1607 1000 1664 episcopum.
1014 1607 1197 1652 Rectori
1211 1616 1498 1665 persuaserat
1512 1609 1725 1655 dominus
1739 1612 1870 1668 Xpo-

226 1686 368 1739 forus,
388 1692 438 1728 vt
459 1685 724 1729 admoneret
739 1684 1006 1741 episcopum
1023 1685 1080 1729 de
1098 1686 1292 1741 quadam
1308 1685 1576 1742 suspitione,
1589 1701 1724 1743 quam
1743 1686 1871 1732 vide-

226 1763 361 1806 batur
382 1763 506 1816 dare,
532 1769 619 1806 etc.

315 1841 471 1897 Aegre
494 1839 597 1883 tulit
619 1838 874 1896 episcopus:
899 1839 1099 1883 minatus
1120 1845 1205 1883 est:
1231 1840 1380 1884 bonus
1402 1846 1553 1886 rector
1579 1842 1870 1886 confirmauit

225 1917 425 1961 animum
449 1916 659 1960 ferociter
678 1915 724 1959 in
746 1923 990 1973 suggestu:
1018 1931 1090 1961 res
1112 1923 1209 1961 erat
1229 1916 1384 1960 dificili
1400 1917 1516 1961 1000.
1537 1917 1644 1962 Fuit
1660 1919 1867 1975 placatus

222 1993 483 2051 episcopus,
502 2001 548 2037 et
566 2000 717 2037 tamen
734 1993 856 2036 illinc
874 1999 1076 2038 remotus
1102 1992 1110 2050 Ι
1138 1993 1337 2038 Salazar.
1358 1994 1452 2040 Sed
1473 1994 1715 2052 episcopus
1736 2003 1863 2052 post-

223 2085 278 2115 ea
298 2070 430 2114 diluit
450 2070 572 2115 illam
594 2069 916 2126 suspicionem,
937 2077 1022 2113 etc.

311 2147 523 2204 Visitaui,
544 2155 632 2191 etc.

310 2225 397 2282 Egi
419 2239 522 2268 cum
546 2226 598 2268 P.
627 2224 811 2268 Medina
831 2225 889 2267 de
910 2223 1090 2281 collegij
1114 2224 1395 2269 fundatione.

311 2344 413 2387 181
877 2357 1214 2388 SALMANTICAE

310 2458 395 2513 E.
419 2471 523 2500 cum
545 2457 712 2501 comite
733 2458 826 2501 don
846 2456 1128 2513 Hieronymo
1147 2457 1206 2500 de
1234 2456 1501 2502 fundatione
1521 2456 1701 2514 collegij
1726 2471 1856 2500 mon-

222 2533 482 2590 teregiensi,
505 2540 552 2577 et
572 2533 797 2577 dificulter
819 2533 1018 2591 quidem,
1042 2540 1228 2590 propter
1243 2532 1343 2578 eius
1358 2531 1564 2590 peritiam
1587 2532 1635 2576 in
1658 2533 1857 2590 negotiis

219 2609 450 2667 gerendis,
474 2617 520 2654 et
543 2618 691 2654 tamen
714 2612 870 2655 datum
892 2619 963 2654 est
983 2610 1167 2666 aliquod
1187 2609 1472 2667 principium,
1493 2611 1615 2666 quod
1630 2610 1703 2666 alij
1722 2610 1852 2666 sequi

215 2694 414 2743 possent.
441 2686 652 2740 Visitaui,
681 2695 769 2731 etc.
801 2688 890 2732 Hic
911 2688 1006 2731 vidi
1028 2690 1233 2733 Pennam
1254 2695 1300 2731 et
1321 2689 1594 2742 Nauarrum,
1623 2694 1712 2732 etc.
1744 2688 1852 2731 Non

210 2763 401 2820 probaui
422 2770 472 2806 vt
488 2770 727 2820 propterea
741 2764 1034 2809 visitarentur
1056 2763 1189 2808 amici
1210 2771 1257 2809 et
1278 2771 1513 2809 matronae
1539 2763 1548 2822 Ι
1574 2764 1698 2820 quod
1727 2763 1849 2809 elee-

210 2855 428 2897 mosynae
449 2842 506 2884 ab
528 2839 614 2883 illis
634 2847 996 2897 expectarentur.

290 3025 302 3045 ¹
352 3024 645 3071 Ms.,quoquo.

286 3085 301 3104 ¹
352 3083 610 3129 SAccnmus,
629 3085 702 3119 loc.
722 3084 806 3129 cit.,
826 3084 893 3120 lib.
913 3093 968 3130 vr,
987 3096 1025 3120 n.
1044 3083 1105 3120 63.
