2196 3522
355 282 427 327 646
960 281 1100 316 Eprsr.
1126 279 1170 315 P.
1199 279 1351 316 NADAL

356 398 405 427 re
432 381 611 425 nouerit
639 381 769 438 plura
797 380 949 426 dicere
978 382 1030 425 Ρ.
1064 380 1296 424 Natalis...
1337 380 1556 425 Miramur
1584 381 1647 424 M.
1679 381 1992 426 Theobaldum

357 442 558 484 nondum
581 441 638 484 ad
659 447 842 485 nostros
869 440 1181 497 Oenipontum
1209 454 1311 485 esse
1333 438 1603 497 profectum,
1634 439 1721 484 nisi
1749 455 1871 484 nunc
1887 440 1994 485 'for-

355 508 475 544 tasse
497 514 552 544 60
580 500 805 557 peruenit,
835 500 892 544 de
919 514 1010 556 quo
1038 498 1197 556 scripsi
1225 514 1370 544 meam
1399 500 1457 543 ad
1485 501 1538 543 P.
1571 500 1780 544 Natalem
1808 506 1993 546 senten—

356 559 499 603 tiam¹

442 593 583 663 Nouit
605 626 651 663 et
674 621 727 662 P.
753 618 928 663 Natalis
951 619 1007 662 de
1029 626 1151 662 statu
1172 618 1310 662 huius
1331 617 1550 662 ecclesiae
1567 617 1926 685 [herbipolensis]
1948 625 1995 664 et

352 677 440 720 loci
470 675 687 735 propositi
716 678 978 722 conditione
1005 678 1131 731 satis,
1164 685 1215 721 ut
1242 693 1352 723 sane
1379 678 1629 722 uerendum
1657 677 1715 721 sit
1742 692 1800 721 ne
1828 692 1996 734 graues

353 737 484 781 nobis
506 737 736 782 molestias
759 739 933 782 adferat
949 739 1037 781 hoc
1055 737 1335 805 collegium.
1347 738 1494 804 .Nam
1517 736 1674 780 didicit
1695 737 1805 780 satis
1823 739 1876 781 P.
1898 739 1989 782 Na-

355 796 456 840 talis
471 804 640 852 quanta
653 812 949 854 personarum
965 797 1169 854 penuria,
1183 796 1447 854 praesertim
1461 795 1509 839 in
1521 796 1704 848 scholis,
1717 797 1991 850 laboremus,

354 870 439 900 nec
461 863 669 913 sumptus
686 856 866 913 quidem
885 858 1046 901 deesse
1067 856 1104 900 si
1127 871 1344 900 numerus
1366 862 1644 913 augeatur...
1671 856 1799 899 Haec
1817 862 1992 899 tantum

354 915 520 968 indico,
550 923 597 958 ut
619 915 761 959 maior
783 916 841 959 sit
864 916 1042 960 occasio
1071 918 1124 960 P.
1156 915 1308 960 Natali
1336 929 1430 958 rem
1464 922 1604 958 totam
1627 915 1923 972 proponendi,
1947 922 1994 959 et

355 989 447 1018 non
469 976 614 1018 solum
639 975 745 1019 huic
766 976 938 1030 domui,
964 977 1044 1019 sed
1067 975 1202 1020 etiam
1225 974 1487 1032 prouinciae
1515 982 1699 1018 nostrae
1726 974 1996 1019 consulendi

353 1034 605 1079 mutatione
627 1035 803 1092 capitis,
823 1035 922 1080 siue
942 1035 1247 1092 prouincialis.

1076 1183 1270 1227 XXVIII

715 1269 860 1309 OTTO
886 1270 1192 1308 TRUCHSESS
1219 1271 1290 1306 DE
1316 1269 1627 1307 WALDBURG

936 1347 1144 1384 cardinalis
1163 1354 1404 1394 augustanus

898 1440 1040 1470 PATRI
1064 1439 1246 1480 JACOBO
1269 1439 1445 1470 LAINEZ

757 1515 1033 1568 Placentiae,
1055 1528 1111 1570 24
1127 1515 1394 1580 Decembris
1418 1516 1527 1570 1563
1546 1516 1578 1557 ².

441 1605 501 1640 De
520 1607 728 1640 contractu
737 1603 1003 1651 fundationis
1021 1605 1182 1652 collegii
1200 1604 1426 1652 dilingani:
1445 1604 1492 1639 de
1509 1604 1612 1639 socio
1630 1603 1790 1638 itineris
1806 1603 1890 1639 sui.

441 1684 583 1727 Molto
605 1683 718 1726 Rdo.
745 1682 790 1724 in
814 1684 932 1738 Xpo.
970 1683 1160 1726 fratello.
1194 1679 1379 1727 Riceuei
1407 1682 1449 1726 la
1476 1681 1638 1726 lettera
1668 1680 1714 1723 di
1742 1682 1799 1724 V.
1827 1682 1879 1723 P.
1908 1681 1982 1733 R.,

351 1743 517 1785 lassata
539 1742 585 1784 in
608 1743 778 1786 Trento
801 1743 886 1784 alla
909 1756 990 1785 sua
1018 1742 1197 1798 partita,
1228 1741 1418 1786 insieme
1444 1741 1515 1784 col
1542 1746 1770 1784 contratto
1801 1754 1933 1796 sopra
1956 1739 1988 1782 il

351 1802 544 1858 collegio
561 1801 606 1844 di
623 1801 823 1857 Dilinga,
842 1801 1010 1844 sicome
1027 1802 1068 1844 16
1086 1803 1194 1844 hara
1210 1801 1369 1844 scritto
1388 1801 1418 1843 il
1436 1802 1489 1844 P.
1511 1799 1684 1856 Aluigi.
1708 1801 1781 1852 Et,
1801 1813 1850 1842 se
1867 1801 1986 1844 bene

353 1861 413 1903 mi
441 1862 632 1905 sarebbe
659 1867 777 1904 stato
805 1860 850 1902 di
885 1860 1187 1917 grandissima
1219 1867 1514 1904 contentezza
1542 1859 1587 1902 di
1616 1859 1824 1902 ritrouar’
1857 1858 1983 1914 quiui

353 1922 410 1964 V.
447 1923 578 1964 P.·et
605 1919 636 1962 il
665 1922 716 1963 P.
751 1920 1031 1973 Salmerone,
1058 1919 1333 1964 nondimeno
1371 1919 1430 1962 mi
1468 1934 1518 1962 so
1556 1917 1855 1974 compiaciuto
1892 1918 1980 1961 del'

352 1980 664 2023 amoreuoleza
686 1979 977 2032 mostratami,
999 1979 1282 2023 considerato
1305 1981 1389 2022 che
1410 1979 1439 2021 l'
1459 1980 1616 2022 hauer'
1636 1977 1875 2021 sollicitato
1893 1978 1985 2020 cosi

352 2039 383 2081 il
405 2038 585 2095 partire,
611 2053 702 2082 non
725 2041 825 2082 sara
847 2046 952 2082 nato
975 2039 1011 2082 si
1035 2054 1124 2082 non
1148 2040 1204 2082 da
1226 2038 1406 2095 ca0·ioni
1429 2037 1474 2081 di
1502 2044 1747 2089 momento,
1773 2050 1902 2080 come
1922 2038 1985 2079 ho
2037 2077 2041 2080 Δ

353 2099 556 2141 creduto.
584 2100 641 2141 Et
663 2112 712 2141 se
734 2097 776 2140 io
798 2113 887 2140 non
913 2100 971 2140 ho
993 2099 1099 2141 dato
1120 2098 1264 2159 prima
1286 2100 1370 2141 che
1391 2099 1502 2140 hora
1533 2096 1728 2153 risposta
1749 2096 1836 2138 alla
1857 2096 1981 2138 detta

352 2172 434 2200 sua
455 2143 632 2210 lettera,
654 2156 984 2200 attribuischilo
1008 2159 1093 2200 alla
1115 2149 1319 2201 molestia
1342 2164 1387 2200 et
1410 2156 1588 2200 fastidio
1610 2158 1695 2199 che
1712 2154 1749 2198 si
1772 2154 1983 2211 sogliono

351 2217 484 2273 patir'
507 2217 553 2259 in
576 2216 707 2260 simili
731 2216 839 2272 uiag
842 2216 904 2272 gi.
932 2218 1117 2272 Quanto
1140 2218 1212 2261 all’
1233 2216 1535 2259 instrumento
1554 2230 1633 2271 per
1649 2216 1774 2259 detto
1792 2213 1986 2270 collegio

353 2277 471 2319 dalla
499 2287 626 2332 parte
656 2282 832 2328 nostra,
842 2252 1035 2319 bsicome
1064 2277 1111 2319 fu
1140 2276 1339 2320 stabilito
1367 2282 1414 2318 et
1441 2275 1678 2331 stipulato,
1712 2274 1805 2316 cosi
1834 2274 1882 2315 fu
1910 2274 1984 2329 poi

353 2336 510 2379 scritto
533 2343 578 2379 et
600 2335 891 2378 autenticato.
920 2337 1058 2379 Resta
1081 2337 1165 2379 che
1187 2335 1217 2377 il
1239 2335 1395 2391 signor
1416 2334 1504 2378 Dio
1525 2333 1586 2377 mi
1609 2334 1808 2376 conceda
1829 2338 1986 2389 potere

351 2395 396 2438 di
419 2402 575 2451 potere
596 2394 805 2451 eseguire
828 2402 997 2450 quanto
1020 2396 1045 2438 6
1067 2394 1098 2437 il
1121 2394 1211 2437 mio
1231 2394 1453 2438 desiderio
1475 2394 1521 2436 in
1544 2399 1704 2448 questa
1725 2398 1854 2436 santa
1875 2406 1985 2448 ope—

353 2470 418 2506 ra,
444 2469 573 2499 come
594 2455 637 2496 lo
660 2468 802 2510 prego
831 2454 876 2495 di
906 2468 1028 2507 core,
1061 2455 1156 2497 solo
1185 2469 1264 2510 per
1293 2455 1375 2496 far’
1399 2466 1644 2497 conoscere
1675 2452 1718 2494 la
1745 2457 1987 2507 prontezza

353 2513 442 2556 mia
471 2528 606 2556 uerso
635 2513 664 2555 il
693 2513 816 2556 culto
844 2513 887 2555 di
917 2513 1005 2557 Dio
1035 2520 1080 2556 et
1107 2514 1137 2555 l’
1169 2515 1341 2557 honore
1368 2513 1485 2557 della
1515 2526 1598 2555 sua
1627 2517 1757 2554 santa
1788 2511 1985 2566 Compa-

353 2573 474 2629 gnia.
509 2574 608 2616 Con
636 2574 721 2616 che
748 2575 808 2615 mi
837 2574 1135 2616 raccomando
1167 2587 1193 2615 a
1221 2572 1294 2625 lei,
1326 2572 1564 2615 salutando
1592 2570 1623 2612 il
1653 2573 1705 2613 P.
1732 2571 1768 2613 F
1771 2583 1987 2613 rancesco

354 2632 521 2688 Borgia
543 2639 587 2676 et
610 2631 641 2673 il
665 2634 716 2674 P.
750 2632 1027 2684 Salmerone,
1056 2634 1095 2674 a’
1130 2632 1251 2687 quali
1273 2632 1315 2674 la
1337 2633 1509 2675 maesta
1535 2629 1690 2673 diuina
1717 2628 1949 2672 conceda
1938 2643 1985 2671 m

353 2698 512 2746 queste
534 2697 662 2734 sante
686 2691 799 2734 feste
819 2691 930 2747 ogni
952 2698 1074 2734 sorte
1096 2691 1140 2733 di
1158 2697 1389 2734 contento.
1459 2696 1462 2699 '

442 2752 497 2794 V.
527 2752 578 2793 P.
608 2751 661 2793 R.
687 2751 746 2792 ha
773 2750 830 2791 da
860 2765 1017 2806 sapere
1047 2752 1132 2795 che
1159 2750 1203 2793 io
1230 2765 1323 2793 non
1350 2751 1410 2792 ho
1439 2748 1527 2792 mai
1556 2750 1730 2791 hauuto
1758 2746 1982 2804 pensiero,

353 2824 445 2852 non
467 2811 550 2852 che
573 2808 780 2865 disegno,
806 2808 851 2850 di
873 2811 1028 2853 hauer’
1054 2823 1139 2852 con
1162 2824 1234 2854 me
1262 2808 1294 2851 il
1322 2822 1519 2853 vescouo
1541 2808 1587 2850 d'
1611 2806 1747 2850 Aliffe
1770 2821 1850 2863 per
1870 2807 1984 2862 Spa—

353 2883 460 2924 gna,
487 2869 605 2912 onde
627 2843 700 2910 (11δ
696 2882 816 2911 nouo
850 2875 981 2911 torno
1012 2884 1038 2911 a
1068 2869 1277 2925 pregarla
1308 2867 1353 2911 di
1387 2866 1602 2923 quietarsi
1624 2866 1698 2909 del
1727 2868 1779 2909 P.
1806 2863 1983 2917 Aluigi,

425 3011 435 3031 ¹
486 3009 588 3044 Vide
607 3009 727 3056 epist.
750 3008 833 3053 320,
853 3021 894 3044 n.
923 3018 979 3054 103
999 3015 1039 3045 et
1056 3008 1139 3054 325,
1159 3021 1202 3044 n.
1225 3008 1265 3044 3.

422 3057 436 3078 2
484 3057 543 3092 Ex
562 3058 788 3104 archetypO,
807 3057 847 3092 in
868 3056 967 3092 Cod.
993 3057 1055 3103 38,
1073 3055 1220 3103 duplici
1237 3056 1330 3103 fol„
1349 3066 1396 3103 94
1412 3055 1508 3103 (42).
