2196 3522
321 304 392 341 600
945 306 1082 341 EPIST.
1111 304 1155 340 P.
1184 304 1335 342 NADAL

322 415 409 459 tae,
436 407 544 449 mihi
568 414 717 450 tamen
740 407 1002 452 acciderunt
1025 405 1323 463 gratissimae.
1356 407 1494 463 Quod
1523 407 1580 451 de
1609 421 1761 460 causa,
1785 408 1843 453 de
1865 423 1954 464 qua

320 466 484 509 missus
516 468 605 509 huc
636 481 753 519 sum,
790 467 905 511 bene
937 480 1118 522 sperare
1150 481 1198 509 se
1229 466 1406 519 scribit,
1434 466 1539 509 facit
1561 481 1642 522 pro
1663 466 1831 523 pietate
1852 483 1951 523 sua,

319 526 399 569 sed
421 540 546 581 spem
567 528 700 580 hanc,
726 525 811 570 nisi
833 528 960 571 Deus
983 525 1288 569 misericordia
1311 540 1394 570 sua
1416 525 1635 582 singulari
1657 527 1951 582 promouerit,

320 598 379 627 ne
401 599 585 640 prorsus
606 585 731 628 irrita
752 586 810 628 sit
833 593 877 629 et
900 585 1060 637 inanis,
1086 585 1382 629 metuendum
1405 592 1490 628 est.
1516 587 1566 628 In
1588 587 1675 628 hoc
1696 584 1848 642 itaque
1871 601 1954 629 no-

319 643 388 687 bis
410 644 555 687 omnis
577 653 646 688 est
667 645 833 692 fiducia
859 645 1135 697 collocanda,
1165 644 1203 687 is
1230 644 1439 700 precibus
1467 644 1658 688 assiduis
1686 644 1815 688 nobis
1846 646 1951 689 fati—

319 704 497 758 gandus
520 712 603 757 est,
632 712 681 747 ut
709 704 920 748 afflictam
949 719 1162 760 sponsam
1191 719 1335 756 suam,
1361 703 1615 756 ecclesiam,
1643 703 1787 747 oculis
1816 705 1953 749 mise—

319 762 536 807 ricordiae
564 778 674 808 suae
702 764 927 820 respiciat,
962 779 1013 807 ac
1042 778 1096 807 ea
1123 763 1231 806 mihi
1260 763 1446 817 consilia
1474 762 1754 820 suppeditet,
1789 763 1954 818 quibus

319 821 489 878 aliquid
511 823 608 878 opis
637 824 693 866 ad
722 823 841 866 illam
872 823 1198 867 subleuandam
1222 823 1386 867 adferri
1414 830 1565 878 queat.
1599 824 1748 878 Quam
1774 823 1831 865 ad
1858 838 1953 867 rem

318 883 554 926 uoluntate
575 882 721 938 magis
744 890 993 939 promptus,
1019 897 1153 938 quam
1177 883 1392 926 facultate
1413 897 1513 925 sum
1535 890 1732 938 paratus
1754 882 1951 927 Difficile

319 950 388 985 est
409 956 595 985 seruare
617 942 798 986 inuitos.
828 944 1072 998 Nunquam
1096 942 1169 984 illa
1199 941 1367 985 Christi
1398 942 1535 985 uerba
1564 941 1708 997 magis
1730 941 1947 996 intellexi,

317 1011 451 1056 quam
475 1016 613 1045 nunc:
645 1003 773 1046 «Non
797 1009 864 1046 est
884 1017 996 1058 opus
1014 1002 1135 1044 sanis
1153 1001 1344 1054 medico,
1365 1002 1445 1045 sed
1463 1002 1579 1045 male
1596 1000 1913 1045 habentibus.»
1939 1003 1950 1024 ¹

319 1061 506 1103 Nullum
539 1060 613 1104 hic
645 1062 761 1104 male
793 1063 1036 1106 habentem
1068 1061 1222 1105 uidere
1254 1061 1373 1114 licet;
1400 1075 1556 1105 omnes
1586 1061 1719 1103 ualde
1747 1059 1831 1103 sibi
1853 1060 1953 1105 sani

319 1119 545 1174 videntur,
571 1134 655 1165 nec
677 1122 733 1164 ab
758 1122 848 1164 ulla
870 1136 917 1165 re
946 1120 1092 1175 magis
1119 1122 1378 1173 abhorrent,
1403 1134 1538 1175 quam
1560 1135 1587 1164 a
1608 1119 1778 1164 salubri
1807 1119 1952 1165 medi·-v

318 1178 436 1231 cina,
461 1194 565 1223 curn
589 1186 737 1223 tamen
770 1195 994 1236 nusquam
1028 1181 1179 1236 plures
1210 1179 1406 1236 reperire
1437 1179 1587 1232 liceat,
1619 1178 1696 1235 qui
1731 1180 1847 1223 male
1868 1181 1952 1222 ha-

318 1239 455 1282 beant
476 1239 801 1296 etlcomprimis
823 1239 1086 1297 periculosis
1108 1239 1277 1283 morbis
1305 1239 1656 1282 confflictentur.
1690 1239 1783 1284 Sed
1805 1253 1951 1294 neque

319 1298 474 1342 doceri
506 1298 745 1354 quisquam
779 1299 851 1342 hic
884 1299 1074 1356 indiget:
1110 1314 1268 1344 omnes
1300 1314 1326 1342 a
1361 1300 1456 1342 Deo
1483 1298 1605 1342 docti
1627 1305 1749 1352 sunt;
1770 1299 1948 1352 docere,

321 1357 469 1414 magis
490 1373 625 1414 quam
647 1358 817 1411 doceri,
843 1358 1001 1415 parati.

392 1418 446 1461 'F
451 1417 515 1461 uit
538 1417 611 1461 hic
633 1432 810 1462 mecum
836 1421 886 1462 P.
909 1417 1135 1470 Canisius‚
1161 1433 1217 1462 ex
1239 1417 1369 1469 cuius
1391 1418 1592 1462 aduentu
1613 1431 1824 1473 magnam
1842 1431 1953 1461 con-

327 1476 594 1522 solationem
618 1477 866 1534 capiebam,
898 1479 979 1522 sed
1010 1477 1048 1521 is
1082 1479 1375 1521 uehementer
1406 1478 1463 1520 ad
1495 1491 1602 1520 suos
1634 1476 1779 1521 redire
1809 1476 1954 1533 primo

326 1550 510 1592 quoque
532 1544 733 1593 ternpore
753 1537 982 1594 cupiebat;
1005 1536 1157 1592 itaque
1187 1536 1358 1580 diutius
1385 1551 1489 1580 eum
1517 1535 1711 1580 retinere
1732 1535 1841 1579 mihi
1861 1551 1952 1580 non
2001 1540 2004 1544 “

320 1594 465 1639 licuit.
493 1597 575 1640 Est
597 1611 719 1640 nunc
741 1611 919 1641 mecum
949 1597 1211 1653 Staphylus,
1238 1596 1315 1651 qui
1343 1595 1697 1639 commorabitur
1718 1595 1854 1641 etiam
1875 1595 1949 1640 hic

320 1670 399 1711 per
421 1657 562 1700 hosce
583 1655 695 1709 dies,
716 1670 830 1712 quos
854 1663 1021 1700 uocant
1053 1655 1345 1700 caniculares.
1372 1656 1525 1699 Habet
1546 1655 1599 1708 is,
1628 1654 1789 1700 melius
1815 1670 1950 1712 quam

318 1714 435 1759 alius
463 1715 707 1772 quispiam,
739 1716 1069 1761 haereticorum
1097 1715 1295 1759 rationes
1323 1721 1605 1772 perspectas,
1637 1714 1715 1771 qui
1742 1714 1950 1770 quamuis

317 1773 581 1820 mirabiliter
612 1775 729 1819 inter
760 1790 810 1819 se
847 1775 1109 1828 dissideant,
1143 1775 1189 1818 in
1221 1776 1307 1818 hoc
1340 1781 1490 1819 tamen
1522 1789 1612 1817 vno
1645 1774 1946 1830 conueniunt,

317 1834 441 1890 quod
459 1849 608 1887 vnam,
628 1842 848 1890 sanctam,
868 1835 1151 1887 catholicam,
1168 1834 1459 1891 apostolicam
1477 1833 1712 1878 ecclesiam
1730 1849 1786 1878 ex
1802 1848 1949 1891 aequo

317 1901 653 1949 persequuntur
674 1909 848 1939 omnes,
869 1896 912 1938 A
930 1910 1003 1938 me
1024 1893 1135 1937 nihil
1151 1908 1303 1947 curae,
1323 1893 1602 1950 diligentiae,
1626 1893 1795 1938 laboris
1817 1908 1949 1950 prae—

320 1953 595 2006 termittitur,
613 1961 664 1997 ut
678 1953 844 2011 possim
861 1953 1080 2008 ecclesiis,
1099 1968 1211 2009 quas
1225 1953 1271 1996 in
1285 1953 1339 1997 iis
1357 1953 1487 1997 terris
1501 1953 1546 1996 in
1562 1967 1738 1996 summo
1750 1952 1950 2009 periculo

321 2011 489 2056 uersari
513 2013 661 2066 uideo,
687 2025 966 2067 succurrere;
993 2014 1072 2058 sed
1094 2020 1314 2069 quantum
1336 2014 1484 2056 adhuc
1501 2012 1784 2069 profecerim,
1806 2014 1947 2056 uehe-

318 2079 493 2116 menter
517 2087 590 2116 me
612 2072 797 2129 penitet.
824 2074 873 2116 In
897 2073 1061 2118 uestris
1083 2072 1362 2116 orationibus
1382 2071 1625 2129 plurimum
1643 2071 1838 2116 fiduciae
1853 2072 1949 2115 col-

317 2131 514 2174 locatum
536 2133 698 2184 habeo,
724 2132 888 2188 quibus
912 2139 962 2175 ut
985 2139 1165 2188 praesto
1188 2131 1297 2175 mihi
1326 2146 1501 2188 semper
1531 2146 1631 2175 esse
1652 2131 1843 2183 velletis,
1869 2146 1949 2188 pe-

319 2198 476 2243 terem,
502 2190 587 2235 nisi
609 2192 731 2246 quod
762 2199 831 2235 est
854 2191 900 2234 in
922 2191 1177 2248 prouerbio:
1204 2191 1492 2235 currentibus
1513 2191 1662 2234 calcar
1683 2191 1849 2234 addere
1870 2204 1948 2234 su—

318 2264 651 2306 peruacaneum
665 2266 764 2295 esse
779 2252 1007 2294 ducerem.
1023 2252 1137 2294 Illud
1151 2266 1338 2307 quaeso,
1356 2250 1466 2294 velit
1480 2251 1600 2306 apud
1617 2250 1794 2293 111‚mum
1811 2251 1929 2293 Dom

319 2310 590 2353 cardinalem
621 2312 894 2354 Boromeum
922 2310 1106 2362 instare,
1138 2325 1227 2365 quo
1256 2310 1421 2366 possim
1445 2309 1636 2354 celerius
1658 2309 1715 2352 ad
1737 2323 1805 2360 ea,
1831 2323 1948 2365 quae

319 2368 486 2423 scribo,
511 2383 776 2425 responsum
800 2370 982 2414 habere.
1004 2371 1126 2425 Opto
1151 2372 1200 2413 Ρ.
1225 2371 1281 2413 V.
1307 2385 1397 2412 vna
1418 2383 1522 2412 curn
1542 2371 1594 2412 P.
1615 2367 1765 2412 Natali
1787 2375 1832 2412 et
1854 2370 1946 2411 Po—

318 2428 450 2471 lanco
469 2435 514 2472 et
537 2428 747 2472 Vniuersa
769 2429 843 2472 illa
863 2436 1020 2472 sancta
1041 2428 1268 2474 Societate
1289 2430 1407 2473 bene
1432 2429 1598 2480 valere,
1623 2427 1754 2470 cuius
1782 2428 1950 2470 oratio—

318 2486 453 2530 nibus
476 2487 638 2531 iterum
661 2498 799 2543 atque
820 2488 982 2532 iterum
1000 2503 1073 2532 me
1089 2490 1372 2532 commendo.
1394 2490 1461 2531 Ex
1479 2487 1671 2540 Vienna,
1694 2501 1722 2531 v
1740 2487 1951 2530 calenda-

319 2561 418 2590 rum
438 2547 566 2605 Julii,
592 2562 710 2590 anno
732 2547 915 2591 Domini
939 2563 1083 2592 MDLX.
1111 2547 1323 2592 Eiusdem
1345 2549 1518 2599 Frater,

805 2608 1123 2660 STANISLAUS,
1150 2621 1410 2651 EPISCOPUS
1435 2619 1740 2650 VARMIENSIS.
1830 2655 1832 2657 v

411 2667 469 2708 In
499 2669 636 2722 parte
672 2667 896 2724 inferiori
931 2668 1115 2723 primae
1145 2668 1367 2724 paginae:
1410 2668 1462 2710 P.
1504 2664 1686 2709 Lainez.
1727 2665 1769 2707 A
1807 2667 1951 2721 tergo:

318 2865 403 2889 eam
423 2854 562 2890 melius
578 2854 786 2901 intelligas,
803 2855 853 2890 cf.
870 2856 1054 2902 epistolas
1072 2858 1116 2891 B.
1138 2855 1285 2891 Canisii
1304 2860 1344 2890 et
1357 2855 1405 2890 ad
1419 2855 1544 2901 ipsum
1558 2854 1668 2889 datas
1686 2865 1707 2888 a
1724 2852 1788 2888 die
1802 2862 1848 2888 20
1861 2852 1952 2899 Maji

319 2902 367 2937 ad
389 2910 402 2936 1
432 2902 526 2948 Julii
551 2914 653 2938 anno
680 2903 784 2947 1560,
810 2903 911 2949 apud
935 2905 1291 2949 BRAUNSBERGER,
1310 2904 1383 2938 loc.
1411 2903 1495 2948 cit„
1522 2903 1573 2948 II,
1602 2901 1773 2946 637-671.
1799 2901 1856 2936 Ex
1880 2900 1951 2934 hac

318 2949 482 2993 aliisque
501 2949 692 2986 similibus
711 2951 825 2996 hujus
843 2950 1067 2997 appendicis
1087 2951 1262 2997 epistolis
1288 2962 1428 2987 causae
1453 2949 1571 2985 etiam
1592 2949 1783 2998 variarum
1801 2946 1951 2983 Natalis

321 2997 360 3031 in
379 2996 628 3032 Germaniam
649 2997 875 3033 missionum
894 2999 1051 3034 uberius
1069 2998 1324 3033 illustrantur.

394 3046 403 3065 ¹
456 3045 625 3090 Vulgata
644 3045 762 3080 editio
781 3045 833 3080 ita
852 3047 982 3080 habet:
1005 3046 1115 3083 «Non
1135 3051 1195 3083 est
1213 3057 1309 3096 opus
1334 3043 1556 3083 valentibus
1581 3042 1744 3087 medico,
1764 3040 1834 3079 sed
1852 3041 1952 3080 male

319 3091 594 3129 habentibus.»
614 3093 771 3138 MATR„
791 3093 859 3138 IX,
882 3102 937 3131 12.
