2196 3522
394 245 468 282 ⁶66
562 260 564 264 ·
1016 243 1160 280 Ep1s'11.
1185 242 1233 278 P.
1265 242 1418 299 Numa.

396 343 542 391 eidem
564 344 832 390 breuissime
853 344 1144 389 declararem.
1171 344 1242 387 Ac
1264 343 1377 387 illud
1398 343 1602 401 inprimis
1631 358 1747 401 rogo
1765 351 1814 389 et
1839 345 2031 389 obsecro

392 421 423 450 a
445 407 497 449 T.
531 405 642 449 Rda.
671 406 724 448 P.
757 411 807 447 ut
846 403 1099 461 predictum
1137 404 1321 448 Patrem
1358 405 1416 447 D.
1449 402 1700 457 Canisium‚
1733 404 1874 448 rebus·
1895 404 2030 448 isthic

400 465 616 509 foeliciter
637 463 858 507 confectis
884 463 942 506 ad
972 462 1058 507 Dei
1086 462 1410 518 omnipotentis
1447 462 1654 519 gloriam,
1689 438 1779 506 iiuc
1802 463 1956 508 statim·
1973 464 2032 508 ad·

396 538 527 568 suam
558 538 767 576 messem,
794 536 986 578 eamque
1008 521 1094 566 Dei
1130 536 1318 565 munere
1350 521 1638 576 uberrimam,
1672 521 1887 575 remittat,
1914 529 1963 566 ut
1985 530 2032 568 et

398 594 510 628 oues
531 583 619 626 iam
642 581 689 625 in
707 581 875 626 Christi
897 581 1017 626 ouile
1038 581 1254 626 reductae
1269 588 1614 634 conseruentur,
1635 587 1681 624 et
1697 582 1911 626 seductae
1927 582 2031 638 plu-

394 658 470 687 res
492 642 695 698 quotidie
717 642 773 685 ad
796 641 915 685 idem
937 640 1058 696 ouile
1075 640 1293 684 foeliciter
1310 641 1605 684 reducantur.
1634 640 1835 693 Utinam,
1857 640 2031 685 utinam

399 717 508 746 uero
532 703 747 758 Augusta
769 707 922 743 nostra
943 701 1095 756 plures
1112 714 1168 743 ex
1183 701 1270 744 hac
1287 699 1483 743 nominis
1499 701 1607 758 Jesv
1631 706 1787 743 sancta
1804 699 2032 745 Societate

396 761 606 818 accipiat,
638 760 1021 816 quemadmodum
1057 758 1186 803 breui
1215 758 1398 814 quidem
1432 760 1527 802 fore
1558 759 1690 802 ualde
1722 772 1963 815 speramus*
1986 759 2033 802 in

399 820 611 874 Domino,
637 819 721 886 qui·
737 819 974 863 auxiliator
1002 825 1071 863 est
1092 818 1139 860 in
1168 825 1370 875 tempore
1401 825 1640 874 oportuno.
1674 818 1865 871 Deinde,
1897 832 2032 874 quam

399 894 583 938 possum
606 879 814 931 maxime,
841 886 965 921 tuam
988 879 1147 921 Rdam.
1176 877 1500 922 paternitatem
1518 884 1723 934 rogatam
1742 885 1787 922 et
1804 883 2032 921 exoratam

401 939 552 991 uelim,
578 945 629 982 ut
652 938 740 982 mei
762 936 1027 994 peccatricis
1048 936 1254 990 miserae,
1280 951 1333 980 ac
1355 937 1595 999 precipue
1589 936 1735 979 mariti
1764 936 1850 980 mei
1873 936 1920 979 in
1942 937 2033 982 fide

397 1000 549 1043 adhuc
571 1013 661 1041 non
685 997 794 1041 satis
811 996 1080 1049 confirmati,
1100 1010 1153 1039 ac
1170 997 1352 1041 demum
1369 996 1563 1039 filiorum
1581 1003 1855 1048 nostrorum,
1875 996 1922 1038 in
1939 997 2034 1039 col-

398 1058 520 1115 legio
538 1057 732 1101 maxime
754 1055 1015 1113 germanico
1039 1055 1333 1122 uersantium,
1361 1062 1407 1100 et
1432 1054 1574 1099 totius
1597 1055 1881 1112 Fuggericae
1903 1055 2034 1098 fami-

400 1117 502 1168 liae,
528 1131 698 1161 memor
720 1130 820 1160 esse
842 1115 1089 1173 dignetur'
1078 1130 1125 1157 m
1147 1114 1241 1158 suis
1263 1122 1309 1159 et
1329 1129 1518 1158 suorum
1542 1115 1907 1158 charissimorum
1929 1129 2034 1171 pre-

400 1177 530 1220 cibus
553 1184 597 1221 et
619 1175 912 1219 sanctissimis
935 1173 1166 1218 sacrificiis
1188 1189 1268 1241 pro
1291 1173 1423 1217 solito
1446 1173 1523 1217 illo
1542 1174 1783 1219 Societatis
1806 1173 2029 1217 instituto.

402 1239 642 1280 Praeterea
663 1235 718 1278 de
741 1234 1047 1278 contractibus
1069 1233 1302 1286 usurariis,
1335 1233 1500 1288 quibus
1527 1233 1699 1276 isthaec
1727 1241 1880 1277 nostra
1902 1232 2032 1277 fami-

400 1295 459 1339 lia
475 1310 567 1339 non
584 1309 742 1361 parum
759 1293 931 1338 irretita
948 1300 1033 1347 est,
1053 1292 1291 1336 consilium
1308 1293 1506 1337 salutare
1520 1293 1690 1348 aliquot
1706 1291 2030 1344 desideramus,

401 1355 439 1398 si
463 1355 577 1398 forte
602 1353 821 1398 Dominus
842 1359 1025 1397 moueat
1046 1352 1182 1395 corda
1203 1359 1475 1404 nostrorum,
1502 1358 1553 1394 ut
1576 1351 1816 1407 aliquando
1838 1352 1895 1395 de
1918 1351 2034 1396 seria

403 1413 693 1480 poenitentia·
713 1412 930 1469 cogitent,
963 1427 1021 1456 ne
1048 1411 1246 1466 alioquin
1282 1425 1446 1468 corpus
1477 1410 1611 1454 simul
1638 1418 1683 1454 et
1714 1410 1907 1455 animam
1930 1424 2034 1454 cum

395 1472 602 1518 >externis
624 1472 720 1516 istis
742 1471 888 1525 bonis,
915 1486 1031 1527 quae
1059 1470 1187 1527 parui
1217 1477 1324 1520 sunt
1351 1484 1461 1514 sane
1491 1470 1724 1523 momenti,
1756 1469 1972 1514 tandem
1961 1485 2030 1514 1n-

404 1532 621 1576 foeliciter
657 1531 930 1574 amittamus.
978 1531 1150 1574 Verum
1187 1530 1244 1573 de
1279 1529 1349 1572 his
1387 1529 1535 1574 fusius
1568 1537 1612 1574 et
1650 1530 1707 1573 de
1743 1529 1842 1573 aliis
1879 1529 2034 1572 multis
2088 1523 2095 1526 ἃ

404 1594 457 1635 R.
486 1593 537 1635 P.
580 1593 636 1635 D.
677 1590 887 1635 Canisius
924 1604 1074 1633 coram
1110 1588 1366 1645 explicabit.
1408 1590 1570 1644 Neque
1607 1588 1882 1642 dubitamus,
1923 1587 2034 1644 quin

404 1652 517 1695 Rda.
546 1650 801 1694 Paternitas
824 1657 902 1692 tua
923 1649 1022 1705 piae
1043 1655 1225 1692 nostrae
1246 1647 1466 1704 petitioni,
1492 1648 1701 1705 quamuis
1724 1649 1838 1692 forte
1866 1648 2036 1704 impor-

405 1717 557 1762 tunae,
578 1709 838 1753 satisfaciet.
859 1710 954 1752 Nos
973 1707 1171 1751 uicissim
1189 1707 1404 1753 Societati
1420 1707 1527 1750 huic
1544 1714 1742 1760 sanctae,
1756 1721 1809 1750 ac
1826 1706 2036 1751 christia—

402 1769 556 1813 nitatis
573 1767 895 1813 conseruatrici
910 1803 919 1821 ,
951 1782 1034 1811 nos
1073 1773 1193 1810 totos
1228 1766 1458 1810 offerimus
1480 1767 1527 1810 in
1550 1767 1731 1811 Christo
1753 1766 1966 1820 Domino,
1991 1773 2037 1812 et

398 1843 582 1872 oramus
605 1828 769 1872 iterum
791 1828 837 1870 in
860 1826 1059 1879 Christo,
1085 1827 1197 1871 Rde.
1221 1828 1371 1879 Pater,
1397 1834 1448 1869 ut
1480 1834 1764 1883 augustanae
1786 1826 1961 1879 messis,
1989 1831 2035 1870 et

402 1895 659 1931 nostrorum
681 1887 769 1930 iam
792 1886 1157 1943 supradictorum
1184 1900 1356 1929 memor
1377 1900 1476 1929 esse
1504 1885 1737 1942 dignetur.
1773 1886 2032 1942 Augustae,

403 1958 457 2003 25
484 1946 653 2003 Aprilis
682 1947 807 2001 1565.

490 2008 583 2049 Eur
605 2007 698 2048 und
721 2007 800 2049 der
837 2004 1143 2049 Gesellschaft
1173 2005 1285 2062 Jesu
1307 2003 1540 2047 redliche¹
1566 2002 1800 2048 dienerin²
1828 2004 1921 2047 und
1949 2017 2034 2060 ge—

402 2067 612 2110 horsame
640 2066 827 2108 dochter

1281 2124 1482 2167 URSULA
1513 2123 1787 2165 FUGGERIN.

491 2183 736 2239 Inscriptio
758 2183 809 2225 in
832 2184 998 2238 quarta
1013 2182 1212 2239 pagina:
1233 2182 1492 2225 Admodum
1515 2181 1632 2224 Rdo.
1663 2181 1708 2223 in
1732 2181 1913 2225 Christo
1943 2182 2033 2224 Pa-

402 2242 474 2295 tri,
506 2244 624 2286 Dno.
666 2243 701 2285 F
705 2255 909 2284 rancisco
946 2241 1003 2285 de
1033 2240 1205 2297 Burgia
1241 2240 1336 2299 [sic]
1365 2240 1533 2284 vicario
1561 2240 1762 2296 generali
1793 2239 2033 2285 Societatis

394 2304 520 2359 Jesv.
548 2303 731 2346 Romae.
758 2301 865 2343 Alia
886 2315 1044 2343 manu:
1072 2301 1197 2355 1565.
1225 2302 1457 2358 Augusta.
1489 2301 1536 2345 S.
1543 2310 1585 2334 ra
1610 2300 1776 2344 Ursula
1797 2301 1832 2343 F
1837 2300 2003 2344 uchera

404 2371 457 2415 25
483 2360 667 2417 Aprilis.
693 2360 851 2417 sigilli
873 2360 1134 2417 vestigium.

475 2517 485 2536 ¹
536 2513 715 2552 Obscure
734 2518 953 2550 exaratum.

472 2564 486 2584 ²
538 2560 636 2608 Ms„
654 2562 784 2598 deinev
795 2562 854 2598 in.

2173 2355 2196 2692 x..s....;.-M4‘s-.r.„...v..,..
2183 2328 2186 2330 “
2183 2235 2196 2284 .'<ae
2194 2198 2196 2204 .
