2196 3522
292 310 359 347 144
839 298 980 334 EPIST.
1011 296 1056 332 P.
1082 295 1354 341 NADAL—227

292 403 390 446 Ora
402 407 492 458 pro
511 415 594 454 me,
617 402 775 444 Pater.
804 400 873 443 En
891 400 1062 443 Trento
1097 399 1126 451 ¹,
1151 401 1178 441 ἐι
1206 409 1263 441 20
1290 398 1347 442 (10
1369 397 1647 443 Nouiembre
1681 400 1807 455 1562.
1832 401 1908 445 De

283 481 339 524 V.
366 481 419 523 P.
444 478 592 523 sieruo
613 493 671 522 en
693 478 797 530 X.0,
1356 534 1387 593 ἰ·
1418 535 1588 581 NADAL
1639 535 1669 594 †

1486 611 1517 671 †

366 710 560 754 Polanci
579 723 738 752 manu:
760 709 968 752 Inbiense
990 711 1017 751 a
1045 708 1188 751 Roma
1210 707 1243 751 ².
1277 707 1524 764 Inscriptio
1547 708 1598 751 in
1624 711 1790 765 quarta
1812 714 1902 766 pa-

274 788 410 845 gina:
432 789 531 845 Jhs.
564 787 625 831 Al
655 786 795 829 molto
830 785 943 829 Rdo.
974 783 1021 827 in
1049 784 1232 828 Christo
1255 784 1417 838 Padre,
1449 784 1481 827 il
1505 786 1557 829 Ρ.
1590 792 1748 830 nostro
1774 786 1908 831 M.'tro

271 865 442 923 Jacobo
474 866 671 920 Laynez,
712 862 970 920 praeposito
1010 862 1225 919 generale
1257 861 1375 905 della
1412 862 1697 920 Compagnia
1734 864 1791 908 de
1821 865 1902 923 Je-

277 957 346 995 SU,
366 948 454 985 etc.
474 956 532 986 en
549 943 737 986 Trento.
765 941 870 983 Alia
888 954 1045 982 manu:
1063 941 1181 983 Para
1196 939 1239 983 el
1257 941 1310 982 P.
1330 940 1367 982 F
1368 938 1573 983 rancisco
1593 939 1650 984 de
1672 940 1822 997 Borja.
1842 941 1907 984 Et

275 1019 383 1061 alia:
416 1019 525 1073 1562
555 1020 587 1062 ³.
632 1019 817 1062 Trento.
860 1018 941 1060 P.e
973 1016 1141 1069 Nadal,
1169 1028 1226 1060 20
1254 1017 1312 1062 de
1335 1017 1612 1062 Nouembre.
1647 1018 1899 1076 Vestigium

277 1110 404 1139 cerae
431 1096 594 1154 sigilli.

348 1242 359 1262 1
409 1239 474 1276 Sic
491 1239 531 1275 in
548 1239 772 1285 archetyp03
792 1236 861 1273 sed
878 1235 1041 1272 evidens
1065 1247 1171 1272 error
1196 1242 1372 1284 apparet,
1392 1241 1475 1273 tum
1493 1249 1542 1273 ex
1566 1236 1628 1280 iis,
1647 1249 1749 1285 quae
1765 1249 1896 1286 supra,

275 1311 313 1334 n.
334 1308 356 1334 2
372 1298 486 1345 hujus
511 1297 698 1344 epistolae
722 1296 915 1341 dicuntur,
939 1307 994 1332 se.
1021 1297 1202 1343 «ayudar
1226 1299 1303 1333 este
1326 1297 1476 1345 colegio
1499 1298 1548 1333 de
1571 1297 1774 1344 Ispruch»‚
1794 1303 1835 1334 et
1859 1297 1903 1335 in

274 1358 350 1393 fine
368 1357 504 1405 ipsius,
522 1357 589 1392 ubi
606 1356 673 1392 ait:
694 1368 761 1403 «yo
778 1358 1006 1392 comenzard
1023 1358 1047 1391 ά
1065 1356 1319 1400 exa-minar»,
1339 1361 1421 1393 tum
1447 1368 1496 1392 ex
1515 1367 1561 1392 eo
1583 1356 1685 1404 quod
1703 1358 1750 1393 P.
1775 1357 1899 1394 Nadal

273 1417 500 1452 Tridentum
518 1428 595 1452 non
612 1416 722 1452 venit
739 1420 828 1451 ante
846 1414 949 1450 diem
975 1423 1017 1460 15
1041 1415 1286 1460 Decembris,
1311 1420 1355 1452 ut
1379 1415 1419 1452 in
1440 1414 1582 1452 litteris
1606 1416 1650 1452 P.
1680 1417 1824 1453 Lainez
1850 1415 1900 1453 ad

273 1478 316 1513 S.
341 1476 588 1512 Franciscum
605 1475 654 1511 de
667 1475 795 1522 Borja,
817 1482 858 1520 17
873 1474 1104 1510 Decembris
1121 1475 1235 1522 hujus
1253 1475 1344 1511 anni
1357 1474 1545 1511 Tridento
1558 1475 1675 1523 datis,
1690 1476 1798 1512 hisce
1812 1488 1898 1513 ver-

271 1536 331 1572 bis
349 1535 546 1571 asseritur:
568 1548 634 1570 «...
654 1535 698 1570 El
718 1540 874 1579 martes,
892 1546 967 1582 que
984 1533 1050 1570 fue
1069 1539 1270 1582 anteayer,
1288 1536 1392 1582 llego
1409 1537 1499 1583 aqui
1517 1536 1552 1571 el
1571 1535 1615 1571 P.
1635 1536 1774 1582 NadaJ,
1800 1548 1827 1584 y
1852 1548 1897 1573 se

270 1596 438 1643 quedara
455 1606 522 1642 por
539 1595 656 1640 algun
679 1595 824 1641 tiempo
851 1606 900 1629 en
925 1594 1085 1638 Tremo,
1116 1594 1395 1641 ayudandonos
1420 1607 1470 1630 en
1495 1595 1534 1631 lo
1559 1606 1636 1642 que
1661 1595 1899 1644 occurriere,

270 1656 380 1691 hasta
396 1666 471 1702 que
489 1655 525 1690 la
543 1659 653 1701 peste
670 1653 718 1689 de
737 1655 846 1699 lugar
863 1653 911 1688 de
930 1653 1065 1689 uisitar
1081 1654 1139 1690 103
1157 1653 1345 1701 collegios
1358 1666 1434 1701 que
1452 1655 1489 1690 le
1506 1655 1583 1690 han
1599 1654 1777 1702 quedado
1795 1654 1845 1692 de
1858 1654 1899 1692 la'

270 1713 466 1761 prouincia
483 1713 531 1749 de
551 1714 834 1759 Alemagna...»
853 1714 911 1748 Ex
928 1713 1114 1759 Regesto‚
1138 1712 1232 1748 Cod.
1255 1723 1313 1759 33,
1333 1713 1382 1759 c),
1405 1712 1472 1749 fol.
1496 1712 1577 1749 106.

339 1776 353 1796 2
404 1774 608 1818 Polancus,
629 1784 677 1808 ex
701 1772 920 1817 commiss,
944 1772 989 1807 26
1013 1772 1248 1808 Novembris
1273 1772 1319 1808 S.
1351 1772 1558 1818 Francisco
1581 1772 1631 1809 de
1660 1773 1775 1820 Borja
1798 1774 1898 1811 haec

270 1832 478 1868 scribebat:
499 1845 565 1868 «...
583 1833 629 1867 El
647 1832 695 1867 P.
719 1832 840 1867 Nadal
859 1833 942 1867 esta
960 1843 1008 1867 en
1026 1831 1236 1879 Hispruch‚
1256 1844 1284 1879 y
1301 1836 1412 1868 entre
1430 1837 1534 1868 otras
1552 1834 1670 1868 letras
1689 1833 1840 1870 escriue
1857 1834 1894 1869 la

269 1904 344 1939 que
362 1894 449 1940 aqui
467 1904 528 1927 ua.
547 1892 600 1927 V.
623 1892 675 1927 R.
697 1892 797 1937 haga
813 1891 1058 1938 respondera
1075 1892 1133 1927 103
1151 1891 1222 1927 (103
1239 1896 1382 1939 puntos
1405 1903 1481 1940 que
1506 1904 1556 1928 en
1580 1894 1616 1928 la
1641 1903 1816 1939 margen,
1843 1892 1893 1929 de

270 1953 322 1987 mi
346 1953 457 1998 letra,
475 1954 584 1987 estan
602 1951 816 1987 sehalados.
837 1951 1045 1987 Pareceme
1063 1963 1105 1987 se
1123 1951 1339 1988 determina
1357 1953 1391 1987 el
1417 1951 1531 1988 dicho
1556 1951 1681 1988 Padre
1704 1951 1753 1988 de
1777 1952 1899 1989 hazer

269 2013 306 2047 la
323 2011 438 2047 uisita
455 2010 504 2046 de
523 2011 737 2057 Alemagna
759 2016 868 2046 antes
892 2010 941 2046 de
965 2010 1075 2046 uenir
1088 2013 1110 2047 a
1127 2011 1345 2047 Trento...»
1364 2011 1529 2058 Regest.
1557 2010 1654 2048 Cod.
1682 2021 1740 2058 33,
1759 2012 1811 2058 c),
1829 2012 1891 2049 60.

270 2071 356 2106 Duo
374 2076 503 2106 autem
520 2076 675 2117 puncta,
694 2070 743 2105 de
760 2070 899 2117 quibus
918 2070 1081 2116 Borgiae
1095 2070 1302 2106 consilium
1316 2070 1606 2118 exqustebatur,
1625 2076 1735 2107 erant
1751 2070 1895 2108 admis-

270 2130 327 2166 sio
346 2130 502 2175 collegii
525 2129 710 2175 dilingani
736 2135 775 2165 et
793 2129 907 2165 Fabri
931 2130 1263 2178 Aschremanique
1287 2130 1502 2177 negotium,
1519 2135 1562 2166 ut
1585 2130 1762 2178 superius
1777 2136 1890 2167 nota-

269 2194 351 2224 tum
370 2194 446 2224 est.

337 2249 352 2269 ³
401 2247 539 2283 Variae
558 2247 848 2283 emendationes
865 2254 1050 2295 apparent
1064 2248 1103 2284 in
1120 2249 1194 2285 hoc
1214 2249 1352 2285 ultimo
1375 2261 1550 2290 numero,
1567 2249 1621 2285 ita
1641 2253 1684 2285 ut
1697 2249 1792 2297 quid
1806 2255 1891 2286 tan-

269 2307 357 2342 dem
375 2307 560 2354 scriptum
579 2307 695 2342 fuerit
712 2318 789 2342 non
810 2309 911 2343 clare
934 2308 1101 2344 discerni
1125 2308 1261 2356 possit.
1290 2308 1463 2344 Dubium
1487 2320 1582 2344 vero
1606 2310 1769 2356 nullum,
1795 2309 1889 2358 quin

268 2366 431 2413 epistola
447 2367 542 2402 haee
560 2377 659 2402 anno
680 2366 768 2411 1562
786 2366 874 2402 data
892 2366 1023 2415 fuerit,
1041 2379 1242 2404 remanere
1262 2379 1378 2416 posse
1398 2367 1569 2411 videtur.
