2196 3522
0 0 218 34 Gflssffi-‹T‘2
240 0 287 14 ‘²³
316 0 322 3 ”
552 0 568 4 “·
635 16 637 18 .
663 0 670 2 ·

0 23 15 35 ι’
34 23 78 36 ιη’,
103 24 116 30 v·
141 24 145 25 ⁷
191 21 194 27 ¹

65 38 78 44 ..
185 41 193 50 ,

1023 275 1113 321 1558
1837 274 1884 311 63

338 378 611 436 Designauit
634 392 658 434 3
680 377 948 430 cardinales,
973 377 1076 421 115
1096 377 1450 434 neapolitanum,
1475 376 1818 422 alexandrinum
1841 384 1887 421 et

250 465 529 510 tranensem,
553 469 634 512 per
662 469 776 511 quos
806 453 936 498 facile
962 454 1019 498 ad
1046 453 1196 511 ipsum
1224 454 1392 499 referre
1419 468 1672 512 possemus,
1703 454 1742 498 si
1779 453 1889 511 quid

244 539 529 578 occurreret.

347 613 514 655 Factus
540 609 830 667 prouincialis
862 609 994 666 regni
1020 609 1296 665 neapolitani
1324 611 1378 652 P.
1410 609 1662 654 Salmeron.
1700 610 1890 653 Factum

257 689 450 734 liberum
474 690 526 732 P.
553 686 749 731 Araozio
768 692 819 728 vt
839 683 1132 745 alter[utram]
1152 685 1433 742 prouinciam
1460 685 1666 743 eligeret,
1690 686 1764 730 vel
1800 685 1891 729 Ca-

255 766 433 818 stellae,
457 766 532 810 vel
554 763 830 821 Aragoniae;
856 762 1042 807 alterius
1064 770 1185 806 esset
1206 762 1498 819 prouincialis
1520 764 1573 806 P.
1601 765 1779 806 Barma.

349 841 622 899 Designauit
643 839 886 898 generalis,
916 838 1118 882 adhibito
1147 838 1337 882 consilio
1365 838 1675 884 assistentium
1697 847 1743 883 et
1781 839 1893 882 alio-

262 935 379 972 rum,
405 918 482 976 qui
504 917 710 975 professi,
741 916 880 972 quiue
908 915 1195 960 coadiutores
1216 922 1370 960 essent
1397 916 1597 961 creandi.
1633 917 1798 960 Nullus
1827 923 1896 959 est

264 997 545 1054 designatus,
557 994 635 1050 qui
650 1009 708 1039 ex
723 993 1000 1050 praescripto
1014 992 1391 1036 constitutionum
1408 1007 1500 1037 non
1516 1000 1637 1038 esset
1654 993 1897 1036 admitten-

260 1075 365 1118 dus.
386 1075 582 1117 Decreta
601 1077 710 1115 sunt
731 1077 922 1127 excepta
942 1085 969 1113 a
985 1069 1243 1122 secretario,
1264 1070 1453 1114 recitata
1479 1070 1486 1129 Ι
1514 1070 1560 1114 in
1576 1070 1898 1128 congregatio-

268 1167 340 1197 ne:
365 1157 523 1207 postea
543 1148 665 1194 edita
684 1162 741 1192 ex
762 1147 850 1191 illis
877 1146 1073 1200 schedis,
1099 1147 1247 1191 soluta
1268 1147 1645 1205 congregatione,
1676 1154 1763 1191 etc.

358 1228 434 1272 Ad
454 1227 591 1271 finem
613 1223 816 1282 Augusti
837 1226 1084 1269 vehemens
1106 1226 1294 1268 Patrum
1310 1224 1542 1268 inclinatio
1565 1225 1622 1268 ad
1638 1225 1902 1269 soluendam

266 1303 690 1362 congregationem:
715 1302 822 1345 inde
849 1302 1036 1355 factum,
1066 1308 1132 1355 vt,
1158 1316 1297 1358 quum
1325 1302 1397 1359 alij
1427 1301 1771 1359 proposuissent
1797 1315 1904 1345 suas

268 1382 564 1434 dificultateS,
588 1393 677 1437 ego
698 1394 791 1423 non
813 1379 1137 1436 proposuerim.
1165 1381 1215 1423 P.
1240 1379 1396 1423 Violas
1418 1381 1566 1424 fuerat
1587 1379 1769 1435 quidem
1792 1393 1905 1423 euo-

271 1466 405 1503 catus
433 1458 491 1502 ad
519 1457 805 1510 electionem,
836 1457 918 1500 sed
946 1456 1073 1501 venit
1101 1463 1252 1501 tamen
1282 1458 1337 1500 ad
1367 1457 1504 1502 finem
1534 1457 1650 1513 Iulij,
1683 1471 1907 1501 excusans

232 1584 235 1587 ,
276 1536 402 1592 quod
423 1535 580 1579 literae
612 1535 668 1578 ad
689 1548 793 1577 eum
815 1548 907 1577 non
928 1540 1082 1578 essent
1102 1534 1316 1590 perlatae.
1342 1534 1449 1578 Fuit
1480 1549 1506 1578 a
1528 1536 1664 1579 Patre
1686 1533 1905 1591 generali,

277 1612 535 1657 inconsulta
572 1610 944 1668 congregatione,
985 1610 1030 1653 in
1060 1626 1158 1655 eam
1196 1610 1428 1664 inductus,
1454 1619 1516 1666 et,
1548 1612 1672 1654 nullo
1710 1611 1908 1656 interce-

276 1687 432 1743 dente,
457 1689 581 1733 dedit
602 1702 686 1732 suo
707 1688 807 1731 loco
828 1687 1111 1745 suffragium.
1143 1688 1251 1732 116
1274 1690 1325 1732 P.
1359 1688 1551 1732 Pontius
1579 1688 1756 1732 Asissio
1785 1688 1911 1733 venit

218 1826 224 1827 V
281 1769 486 1811 Romam:
512 1765 643 1822 petijt
665 1764 810 1808 audiri
831 1779 858 1808 a
884 1764 1258 1822 congregatione:
1284 1764 1347 1808 ita
1369 1765 1555 1810 remisse
1580 1765 1709 1819 dixit,
1741 1773 1790 1808 vt
1819 1780 1911 1809 non

279 1850 543 1889 censeretur
565 1843 623 1886 ad
643 1841 969 1899 poenitentiam
992 1841 1193 1887 rediisse.
1213 1844 1383 1886 Datum
1401 1850 1470 1887 est
1487 1842 1721 1900 negotium
1742 1844 1789 1886 P.
1822 1844 1912 1886 Pa-

281 1920 460 1965 schasio
481 1927 527 1964 et
549 1918 802 1965 Salmeroni
825 1925 873 1962 vt
898 1920 909 1940 ¹
933 1918 1059 1962 illum
1082 1925 1294 1963 curarent
1315 1919 1490 1964 iuuare:
1517 1927 1658 1977 quum
1677 1919 1790 1962 nihil
1806 1934 1912 1976 pro-

283 1998 487 2050 ficerent,
512 2003 672 2054 postea
693 2011 720 2040 a
736 1996 931 2052 quodam
950 1997 1086 2040 Patre
1109 1995 1396 2054 obiurgatus,
1421 1997 1572 2040 subita
1594 1997 1788 2053 quadam
1811 1998 1914 2039 mu-

285 2074 454 2118 tatione
475 2073 728 2131 perculsus,
753 2072 877 2116 venit
905 2074 963 2117 ad
990 2073 1413 2131 congregationem,
1438 2081 1485 2118 et
1506 2074 1569 2117 ita
1585 2089 1712 2118 suam
1736 2075 1914 2132 culpam

287 2152 434 2195 fassus
455 2158 540 2204 est,
564 2158 611 2195 et
631 2150 797 2194 obtulit
817 2150 1189 2204 satisfactionem,
1209 2158 1260 2194 vt
1280 2159 1488 2196 censeret
1504 2151 1802 2209 congregatio
1818 2152 1918 2196 eius

286 2228 610 2285 poenitentiam
659 2241 760 2272 esse
802 2227 1126 2284 accipiendam.
1167 2227 1318 2284 Redijt
1364 2228 1615 2272 Asissium:
1663 2229 1768 2274 inde
1815 2243 1918 2272 cum

290 2307 342 2348 P.
390 2304 635 2348 Paschasio
661 2304 668 2362 Ι
697 2303 938 2348 Lutetiam.
985 2306 1157 2348 Bonam
1190 2319 1372 2361 operam
1405 2305 1530 2350 dedit
1568 2305 1732 2350 deinde
1763 2305 1921 2351 Socie-

292 2381 373 2425 tati
390 2382 422 2425 ².

379 2459 450 2503 De
466 2458 715 2502 mutatione
731 2457 984 2502 sententiae
1002 2458 1148 2511 Pauli,
1168 2466 1215 2503 et
1237 2460 1359 2515 quod
1373 2460 1654 2517 praeceperit
1669 2462 1858 2504 chorum
1877 2462 1923 2503 et

292 2535 353 2577 ad
380 2533 622 2579 triennium
651 2549 751 2579 esse
783 2535 1057 2591 generalem,
1089 2535 1260 2579 dictum
1296 2543 1366 2581 est
1397 2537 1455 2580 ad
1482 2538 1620 2580 finem
1652 2536 1925 2580 scholiorum

297 2609 674 2654 constitutionum
683 2645 691 2653 .

387 2687 616 2730 Putabant
648 2687 785 2742 aliqui
812 2687 859 2730 in
886 2688 1248 2745 congregatione
1276 2689 1501 2734 actionem
1530 2689 1865 2734 instituendam·
1882 2689 1930 2732 in

300 2762 580 2808 Bobadillam
609 2770 656 2808 et
678 2763 910 2818 Pontium;
942 2764 1055 2808 nihil
1078 2773 1229 2810 tamen
1257 2773 1416 2810 contra
1445 2766 1740 2819 Bobadillam,
1773 2774 1932 2810 contra

301 2839 519 2884 Pontium
546 2837 674 2891 nihil,
712 2844 890 2895 praeter
918 2841 964 2885 id
996 2843 1118 2897 quod
1148 2842 1240 2886 dixi
1267 2844 1324 2887 de
1360 2851 1454 2887 tota
1487 2843 1562 2886 illa
1595 2842 1843 2899 tragoedia:
1875 2858 1935 2887 ne

300 2917 497 2959 verbum
519 2914 718 2971 quidem.

382 3024 393 3045 ¹
443 3022 533 3064 Ms„
552 3024 594 3057 vt
610 3025 666 3058 vt.

380 3084 393 3103 ²
445 3080 704 3127 SAccnmus,
724 3082 798 3116 loc.
817 3082 909 3127 cit.,
928 3095 970 3118 n.
996 3091 1058 3130 54.
