2196 3522
347 265 416 302 552
957 257 1099 292 Emsr.
1132 257 1179 292 P.
1214 256 1368 294 NADAL

341 357 550 401 conferre
573 357 629 399 ad
651 356 912 399 institutum
936 356 1194 410 Sdcietatis‚
1218 363 1264 400 et
1277 356 1351 400 ·ita
1378 371 1482 400 cum
1511 357 1689 403 viderer
1717 358 1826 402 mihi
1848 358 1977 415 quasi

341 418 468 459 solus
489 415 660 460 versari
682 415 728 458 in
757 430 811 460 ea
837 422 949 469 arte,
974 415 1022 459 in
1050 430 1139 472 qua
1170 431 1332 461 reuera
1363 431 1466 461 meo
1497 416 1664 461 iudicio
1695 425 1801 461 sunt
1833 419 1976 462 multa

342 490 460 517 vana
481 482 527 518 et
549 474 742 528 inutilia,
768 475 945 519 ferebar
966 475 1192 520 desiderio
1215 477 1409 530 quodam
1439 476 1496 519 ad
1518 476 1668 520 studia
1694 477 1970 531 communia,

342 534 564 590 neglectis
601 533 944 578 mathematicis.
987 536 1136 579 Unde.
1158 535 1327 578 factum
1360 542 1445 587 est,
1480 542 1531 578 ut
1563 537 1822 588 multorum,
1857 551 1973 592 quae

342 601 478 637 antea
504 593 726 647 sciebam,
759 593 919 636 fuerim
956 593 1106 649 aliqua
1137 609 1193 638 ex
1221 602 1347 649 parte
1375 593 1557 637 oblitus.
1597 595 1767 639 Tamen
1795 595 1832 638 si
1861 597 1972 639 obe-

342 652 540 695 dientiae
562 652 624 696 ita
645 652 880 709 placuerit,
905 652 1004 696 sine
1026 652 1269 696 ulla-animi
1287 653 1677 710 tergiversatione,
1696 668 1800 698 cum
1816 654 1972 700 diuina

343 712 507 768 gratia,
532 712 649 755 dabo
671 713 859 768 posthac
881 713 1024 755 multo
1045 712 1309 768 diligentius
1337 727 1519 769 operam
1548 713 1876 758 mathematicis
1897 715 1970 764 vel

342 771 693 826 quibuscunque
714 770 812 826 alijs
834 771 1011 827 studijs,
1037 779 1086 814 vt
1107 771 1315 827 superius
1336 772 1443 825 dixi,
1469 779 1514 815 et
1531 773 1831 828 perseuerabo
1847 773 1894 816 in
1909 773 1975 817 eis

323 827 598 884 'contentus
625 829 694 888 [II,
721 843 806 888 339
828 830 905 883 bis,
933 831 1033 888 340]

442 902 478 932 1.
546 891 778 934 Llamorne
791 891 990 1004 3Gaspar
1011 891 1081 932 del
1103 890 1272 932 Plano.
1306 902 1351 933 2.
1385 891 1478 946 Soy
1500 891 1555 933 de
1580 903 1636 945 34
1658 897 1769 934 afios
1792 905 1821 947 y
1848 890 1977 934 cinco

348 963 495 992 meses
523 951 579 992 de
616 950 750 992 edad.
876 950 968 1005 Soy
997 950 1070 992 del
1098 950 1275 991 ducado
1303 951 1359 992 de
1389 950 1618 994 Brabante
1650 964 1706 992 en
1740 950 1972 993 Flandres:

345 1011 469 1051 nasci
493 1008 575 1051 dos
596 1009 757 1064 leguas
779 1009 835 1052 de
858 1010 1127 1052 Emberes...
1162 1021 1232 1051 Io.
1266 1010 1336 1051 Yo
1357 1009 1495 1052 desde
1512 1010 1761 1052 mochacho
1778 1008 1970 1062 estudie,

347 1083 376 1123 y
400 1068 513 1110 alos
552 1068 600 1110 18
630 1074 742 1111 anos
769 1067 874 1111 vine
908 1072 933 1110 a
962 1069 1142 1124 Espafia
1169 1081 1257 1111 con
1289 1083 1350 1110 vn
1388 1069 1612 1112 cauallero
1648 1069 1908 1120 castellano,
1949 1083 1978 1124 y

347 1128 542 1182 algunos
564 1133 675 1169 afros
696 1127 738 1169 le
760 1130 879 1170 serui
903 1143 958 1172 en
982 1128 1024 1170 la
1045 1134 1169 1170 corte
1191 1142 1220 1182 y
1244 1127 1370 1171 fuera
1392 1127 1523 1171 della:
1558 1128 1752 1182 despues
1780 1125 1976 1171 membio

348 1190 374 1228 a
396 1186 677 1239 Salamanca,
703 1187 856 1234 donde
880 1190 1008 1229 entre
1035 1202 1092 1230 en
1121 1187 1164 1228 la
1192 1187 1498 1242 Compafiia...
1538 1199 1607 1240 14.
1646 1184 1905 1241 Recibiome
1934 1186 1977 1230 el

349 1247 406 1288 P.
440 1246 697 1288 Bartolome
720 1246 1010 1298 Hernandez,
1035 1252 1186 1289 rector
1207 1246 1279 1288 del
1302 1244 1494 1301 collegio
1515 1246 1573 1290 de
1601 1246 1883 1300 Salamanca,
1917 1260 1975 1289 en

346 1305 669 1349 Salamanca...
703 1305 773 1347 16.
807 1306 934 1347 Aura
957 1319 1046 1360 que
1067 1307 1196 1348 entre
1219 1319 1273 1347 en
1297 1306 1339 1347 la
1361 1305 1611 1360 Compafiia
1632 1318 1660 1359 4
1687 1311 1799 1348 anos
1827 1320 1856 1361 y
1884 1303 1977 1347 casi

349 1371 441 1406 tres
463 1378 664 1407 meses...
692 1375 767 1406 22.
800 1365 921 1419 Aqui
946 1379 1001 1408 en
1025 1364 1239 1407 Coimbra
1258 1365 1407 1408 recebi
1431 1364 1560 1406 todas
1582 1365 1648 1407 las
1676 1365 1869 1408 ordenes
1899 1378 1979 1419 por

347 1422 553 1466 diuersas
576 1437 728 1466 vezes.
763 1435 837 1478 23.
872 1425 941 1466 Yo
965 1424 1044 1478 fuy
1073 1422 1270 1466 recibido
1298 1438 1354 1466 en
1393 1423 1674 1475 Salamanca,
1715 1438 1743 1478 y
1780 1438 1838 1466 en
1875 1436 1980 1466 aca-

350 1483 501 1524 bando
530 1482 585 1524 de
613 1483 748 1526 hazer
776 1483 843 1525 los
872 1481 1133 1534 exercicios,
1159 1497 1231 1526 me
1253 1481 1484 1526 embiaron
1507 1486 1532 1524 a
1555 1482 1804 1534 Simancas,
1832 1482 1982 1526 donde

350 1542 533 1585 anduue
556 1557 612 1584 en
635 1541 806 1584 officios
828 1542 884 1586 de
906 1556 1009 1584 casa
1031 1542 1073 1584 el
1096 1541 1262 1597 tiempo
1284 1556 1373 1596 que
1395 1542 1481 1584 alla
1502 1549 1676 1584 estuve:
1708 1542 1764 1584 de
1793 1556 1849 1596 ay
1878 1540 1984 1584 vine

350 1615 459 1655 para
481 1599 709 1653 Coimbra,
735 1601 884 1645 donde
905 1603 962 1644 he
990 1601 1218 1644 ensefiado
1246 1600 1441 1656 siempre
1469 1616 1526 1644 en
1554 1600 1756 1645 diuersas
1786 1601 1975 1645 classes.

350 1660 421 1718 [ΙΙ
450 1671 556 1716 395-
563 1658 663 1718 397]

448 1732 487 1761 Ι.
560 1720 710 1762 Vocor
737 1719 967 1774 Georgzus
992 1719 1202 1774 Crispus.
1237 1730 1283 1761 2.
1318 1720 1477 1761 Annos
1498 1725 1648 1770 natus,
1675 1725 1725 1760 ut
1748 1725 1874 1773 puto,
1897 1717 1972 1760 26.

391 1813 398 1820 .
432 1777 627 1824 Natione
650 1792 909 1834 germanus,
943 1777 1172 1833 provincia
1200 1777 1441 1880 pal2atinus,
1481 1779 1570 1830 vel,
1611 1784 1660 1820 ut
1697 1777 1771 1820 alii
1803 1778 1980 1828 volunt,

353 1837 574 1890 nariseus,
600 1836 743 1892 patria
767 1836 1176 1882 thricerreitensis..
1189 1872 1196 1880 .
1346 1838 1426 1880 Est
1447 1836 1542 1892 jam
1570 1851 1716 1879 annus
1744 1835 1980 1892 septimus,

354 1896 430 1951 qui
454 1895 752 1951 complebitur
774 1895 891 1938 intra
913 1911 1136 1940 mensem.
1170 1849 1398 1952 Receptus
1419 1910 1518 1939 sum
1541 1911 1568 1938 a
1589 1898 1704 1952 ReV.
1741 1898 1876 1939 Patre
1894 1896 1982 1939 La—

354 1970 474 2010 noyo
504 1955 548 1996 in
582 1954 768 1998 Austria
795 1955 840 1997 in
870 1956 1062 2011 collegio
1094 1955 1346 2008 viennensi,
1387 1962 1433 1997 et
1469 1956 1524 1998 ab
1562 1956 1720 1998 eodem
1754 1953 1984 1997 examina-

355 2023 463 2057 tus..
533 2027 602 2067 14.
652 2015 764 2058 Sum
801 2014 1039 2057 diaconus.
1089 2025 1159 2069 15.
1202 2014 1286 2057 Fui
1319 2014 1365 2056 in
1397 2013 1588 2070 collegio
1622 2013 1855 2058 viennensi
1895 2022 1986 2056 tres

356 2088 499 2117 annos
523 2088 625 2116 cum
649 2073 884 2127 dimidio;
874 2089 918 2116 ln
941 2075 1028 2116 hoc
1051 2074 1212 2118 iterum
1238 2080 1328 2116 tres
1350 2087 1452 2116 cum
1471 2073 1709 2116 dimidio...
1742 2084 1812 2127 17.
1849 2075 1986 2116 Prae—

358 2132 422 2175 fui
451 2132 636 2188 privatis
664 2132 832 2175 nostris
860 2133 1106 2188 discipulis,
1137 2147 1251 2188 quos
1289 2132 1410 2175 domi
1447 2134 1682 2184 habemus,
1723 2131 1977 2183 biennium.

363 2193 434 2235 18.
469 2193 630 2234 Habeo
652 2198 757 2234 vota
779 2192 1037 2236 Societatis.
1079 2191 1245 2259 [Magn]
1280 2205 1320 2235 1.
1359 2194 1564 2235 Fuerunt
1585 2192 1641 2233 ad
1671 2192 1835 2235 festum
1866 2192 1988 2233 Pen-

357 2253 586 2295 thecostes
610 2258 701 2294 tres
723 2251 844 2303 anni,
871 2267 926 2295 ex
949 2266 1039 2306 quo
1060 2252 1213 2307 legere
1234 2266 1280 2293 1n
1309 2251 1475 2296 scholis
1502 2250 1648 2306 coepi.
1688 2250 1801 2305 Legi
1829 2263 1988 2293 omnes

359 2317 509 2366 partes
532 2309 868 2363 grammaticae,
894 2310 1160 2353 rhetoricam
1184 2311 1239 2353 ad
1263 2309 1561 2363 Herennium,
1586 2309 1726 2352 libros
1748 2310 1804 2352 de
1833 2315 1984 2351 orato-

359 2385 423 2421 re,
450 2370 506 2411 ad
530 2369 753 2424 Quintum
775 2370 974 2421 fratrem,
1007 2369 1279 2413 Partitiones
1307 2369 1540 2420 oratorias,
1565 2382 1668 2411 cum
1691 2367 1862 2423 aliquot
1889 2382 1986 2410 ora-

358 2428 558 2471 tionibus
581 2427 828 2479 Ciceronis,
854 2429 1069 2472 Sallustio
1087 2436 1132 2472 et
1150 2428 1333 2480 Ovidio,
1353 2430 1498 2471 donec
1514 2427 1592 2479 illi,
1613 2442 1727 2482 quos
1742 2426 1987 2470 instituen-
2012 2462 2014 2465 .

358 2489 442 2530 dos
464 2501 767 2563 susceperam,
793 2489 877 2529 hac
900 2495 1069 2530 aestate
1091 2489 1148 2531 ad
1170 2487 1398 2543 publicum
1421 2486 1621 2529 studium
1651 2493 1757 2529 sunt
1785 2485 1977 2528 dimissi.
2012 2538 2014 2542 ‚

359 2547 524 2602 Lego
514 2561 600 2589 iarn
623 2546 668 2588 in
698 2559 734 2589 Ι.
742 2544 926 2589 aclasse
948 2546 1183 2591 Somnium
1206 2546 1448 2602 Scipionis.
1485 2547 1554 2601 [11,
1579 2547 1689 2600 463-
1692 2545 1795 2602 465]

456 2618 496 2648 Ι.
574 2606 803 2661 Georgius
831 2607 1100 2662 Peaaxylus.
1133 2618 1179 2649 2.
1219 2618 1272 2648 22
1303 2620 1542 2647 annorum.
1582 2618 1627 2659 3.
1665 2604 1853 2649 Inferior
1882 2617 1991 2659 ger—

360 2679 539 2716 manus,
564 2663 875 2716 brabantinus,
900 2664 1278 2708 busciducensis.
1289 2699 1296 2707 .
1331 2676 1400 2707 12.
1434 2664 1552 2708 Sunt
1575 2674 1598 2718 5
1622 2678 1728 2706 anm
1746 2663 1883 2713 auto
1904 2669 1992 2706 eta

362 2725 417 2766 R.
445 2725 501 2766 Ρ.
536 2723 782 2766 Leonardo
791 2738 890 2766 sum
913 2731 1120 2779 receptus
1138 2723 1388 2767 Coloniae..
1401 2736 1502 2776 .Ι4.
1524 2724 1627 2766 Non
1645 2737 1743 2765 sum
1762 2722 1990 2772 sacerdos,

360 2796 447 2825 nec
472 2783 612 2825 ullum
641 2781 995 2825 ecclesiasticum
1024 2784 1172 2827 habeo
1199 2783 1423 2825 ordinem
1467 2792 1536 2836 15.
1577 2783 1626 2824 In
1654 2780 1847 2836 collegio
1875 2780 1995 2822 colo-

362 2840 511 2885 niensi
535 2851 558 2896 5
583 2856 741 2892 annos,
767 2841 1033 2893 Ingolstadii
1062 2854 1089 2895 4
1121 2856 1315 2893 menses,
1347 2830 1551 2885 Viennae
1580 2839 1644 2882 fui
1677 2853 1728 2897 19
1756 2839 1869 2889 dies,
1902 2840 1995 2881 Ro—

362 2915 464 2942 rnae
488 2912 512 2942 2
537 2915 697 2943 annos.
734 2899 849 2956 [Sclz
857 2901 868 2953 l
897 2913 937 2943 Ι.
966 2902 1040 2943 Ab
1055 2900 1240 2944 ineunte
1262 2907 1410 2943 aetate
1428 2898 1596 2951 studui,
1618 2906 1712 2941 tum
1732 2896 1994 2953 grammati

363 2973 460 3024 cae,
493 2959 758 3010 rhetoricae,
790 2959 1114 3015 philosophiae,
1145 2966 1190 3003 et
1219 2951 1495 3014 theologiae.
1534 2959 1689 3013 Quum
1719 2956 1993 3001 Societatem

363 3017 599 3073 ingressus
615 3032 732 3070 sum,
751 3018 906 3060 studui
922 3033 1079 3074 parum
1098 3017 1364 3071 rhetoricae,
1383 3024 1487 3074 post
1519 3015 1827 3073 philosophiae
1858 3027 1882 3058 2
1910 3029 1993 3058 an-
2031 3077 2035 3080 .

2125 94 2134 107 ι
2121 68 2137 83 ῑμ
2110 50 2130 59 ³⁴

2158 416 2165 422 e
2161 315 2164 318 .
2148 291 2162 295 l
2147 256 2166 267 ¹<
2156 206 2162 210 -
2151 171 2166 190 «ᾗ
2139 66 2163 155 ’-·’;«Ῐ’“”’

2168 438 2171 439 ¹
2167 353 2171 356 -
2168 258 2176 269 «5
2168 240 2175 244 .

2175 316 2196 452 :mi-{1122
2177 295 2196 306 ς
2166 179 2196 287 '2de
