2196 3522
306 301 353 335 40
868 287 912 321 P.
941 285 1129 321 NATALIS
1154 285 1375 319 EPHEMER.

300 399 529 446 tamquam
567 388 718 432 socius
747 386 909 445 [meam
938 400 1122 443 operam
1159 383 1419 443 conferam].
1456 382 1671 427 «Etiamsi
1697 382 1937 440 negotium

298 465 572 524 prouisionis
609 464 739 510 breui
785 463 1046 521 [expedies]‚
1077 462 1084 521 Ι
1111 461 1224 505 dixit
1243 463 1395 515 Pater,
1421 467 1573 504 tamen
1609 459 1936 518 aliquantisper

300 542 504 588 manebis
525 542 573 584 in
596 541 863 598 Hispania.»

390 619 515 664 Dixit
536 633 628 662 non
645 633 745 663 esse
766 631 1006 662 necessum
1028 624 1078 661 vt
1100 623 1250 661 Vterer
1277 630 1367 673 ego
1390 613 1541 659 officio
1568 613 1864 670 commissarij
1888 613 1936 660 in

301 696 539 753 Hispania,
565 695 672 752 quia
692 702 789 738 erat
810 694 899 738 iam
921 694 1012 738 illic
1033 693 1383 738 commissarius:
1408 706 1542 749 posse
1559 698 1710 735 tamen
1737 706 1810 736 me
1829 705 1935 735 cum

305 777 357 818 P.
383 775 418 817 F
421 773 626 817 rancisco
647 772 797 816 omnia
818 786 972 829 agere:
1003 786 1137 828 posse
1164 785 1259 826 1105,
1276 770 1505 814 resoluere
1533 776 1579 814 et
1599 769 1706 812 dare
1738 767 1936 812 auctori-

295 858 441 896 tatem
463 850 635 907 regulis
651 856 698 894 et
719 849 963 906 responsis,
989 863 1107 905 quae
1129 863 1216 906 ego
1238 848 1453 892 dederam
1469 846 1518 889 in
1534 845 1771 903 Hispania,
1795 852 1842 896 et
1863 859 1938 889 re-

300 929 482 972 soluere
499 933 733 984 praeterea
749 941 867 983 quae
883 934 1189 972 occurrerent.
1211 924 1261 970 Si
1279 926 1332 968 P.
1353 926 1389 968 F
1392 923 1624 968 ranciscus
1641 923 1754 966 nolit
1769 923 1938 969 habere

300 1019 458 1048 curam
480 1003 748 1057 animarum,
767 1003 888 1047 illam
904 1018 1060 1047 curam
1082 1002 1333 1046 committat
1349 1000 1704 1059 prouincialibus
1721 1007 1767 1044 et
1787 1006 1937 1044 recto-

303 1082 443 1125 ribus.
469 1080 707 1125 Commisit
728 1080 838 1123 mihi
860 1081 917 1125 de
940 1079 1205 1125 fundatione
1226 1080 1303 1123 65
1318 1078 1497 1135 collegij
1517 1077 1841 1122 maioricensis:
1867 1084 1936 1120 ta-

303 1173 410 1204 men
431 1158 539 1202 illuc
569 1172 658 1215 ego
691 1172 787 1202 non
813 1157 935 1203 veni.
971 1157 1179 1201 Timebat
1210 1156 1408 1213 optimus
1441 1158 1577 1200 Pater
1609 1155 1802 1199 Paulum
1829 1166 1859 1209 4
1880 1167 1938 1198 ne

304 1237 493 1279 chorum
514 1234 733 1279 indiceret
754 1234 886 1278 nobis
907 1241 953 1278 et
974 1234 1193 1288 habitum;
1214 1234 1367 1290 itaque
1388 1233 1631 1290 diligenter
1647 1232 1938 1277 commenda-

306 1311 373 1355 uit
394 1311 504 1356 mihi
524 1318 571 1356 et
592 1326 672 1368 per
693 1326 767 1356 me
784 1314 837 1356 P.
857 1311 1093 1355 Ludouico
1109 1312 1357 1367 Goncalez,
1377 1309 1658 1367 Hieronymo
1674 1310 1939 1354 Domeneco

304 1396 352 1432 et
373 1388 704 1444 Ribadaneyra,
731 1395 781 1431 ut
802 1404 829 1432 a
849 1388 1127 1445 principibus
1149 1387 1495 1445 impetraremus
1516 1386 1689 1430 litteras
1706 1400 1939 1431 commen—

303 1465 487 1509 datitias
509 1465 750 1510 Societatis
771 1466 829 1510 ad
851 1466 1060 1509 Paulum.

395 1544 467 1587 De
493 1541 775 1599 profectione
802 1542 981 1598 Araozij
1012 1542 1058 1585 in
1081 1541 1315 1599 Angliam,
1341 1557 1437 1587 rem
1465 1541 1692 1586 commisit
1715 1543 1767 1584 P.
1794 1541 1941 1584 Fran-

307 1619 444 1663 cisco.
469 1620 637 1675 «Quod
651 1618 690 1662 si
707 1618 882 1677 (inquit)
900 1626 1145 1672 recusaret,
1166 1619 1330 1676 poterit
1347 1619 1412 1662 illi
1430 1621 1483 1662 P.
1504 1621 1540 1663 F
1544 1617 1777 1662 ranciscus
1794 1617 1940 1675 signi-

307 1697 444 1740 ficare
462 1710 597 1751 quam
614 1695 673 1739 sit
689 1695 857 1752 exigua
872 1695 1144 1740 existimatio
1171 1696 1178 1754 Ι
1206 1698 1377 1741 Romae
1392 1696 1519 1740 illurn
1529 1702 1712 1753 propter
1722 1708 1941 1751 praesen-

309 1780 401 1816 tem
429 1772 800 1825 satisfactionem,
826 1773 1236 1827 conuersationem,
1260 1773 1498 1830 negligere
1518 1772 1678 1817 iuuare
1699 1770 1938 1828 collegia.»

308 1849 545 1906 Cogitauit
568 1851 704 1893 Pater
725 1849 852 1893 illum
874 1851 1062 1894 Romam
1083 1865 1293 1895 euocare.

397 1925 536 1970 Dedit
562 1925 671 1969 mihi
693 1927 746 1969 P.
773 1926 976 1983 Ignatius
998 1934 1205 1983 patentes
1226 1927 1395 1982 literas,
1426 1926 1593 1983 quibus
1619 1925 1846 1970 scribebat
1867 1940 1942 1970 me

309 2002 493 2058 quidem
515 2017 616 2047 esse
638 2003 808 2046 factum
836 2003 977 2060 ipsius
1004 2003 1240 2059 vicarium,
1271 2005 1352 2048 sed
1378 2003 1498 2048 mitti
1526 2003 1616 2062 [ad]
1639 2002 1725 2047 alia
1756 2001 1943 2060 negotia

309 2078 358 2121 in
394 2078 676 2135 Hispaniam,
716 2086 804 2123 ete.
845 2080 1012 2124 Missus
1053 2080 1188 2123 simul
1224 2083 1276 2124 P.
1319 2079 1584 2125 Ludouicus
1626 2080 1854 2135 Goncales
1895 2078 1944 2122 in

308 2153 624 2216 [Lusitaniam]
645 2170 750 2200 cum
774 2157 1006 2200 Bernardo
1027 2157 1261 2214 iaponensi
1282 2164 1328 2203 et
1349 2157 1449 2214 alijs
1470 2158 1528 2201 ad
1555 2167 1605 2212 15
1629 2172 1686 2201 ex
1701 2155 1838 2212 varijs
1859 2170 1944 2199 na-

289 2232 527 2292 tionibus,
553 2247 669 2288 quos
695 2233 1036 2290 impesssstrauit
1063 2249 1089 2277 a
1112 2236 1164 2277 P.
1197 2228 1391 2291 Ig'natio:
1424 2248 1516 2278 non
1545 2241 1696 2278 tamen
1724 2231 1944 2283 successit

309 2309 424 2352 illud
446 2309 685 2354 consilium
707 2325 733 2355 e
749 2310 989 2355 sententia.

404 2387 685 2430 Bernardum
705 2386 995 2442 iaponensem
1025 2393 1314 2432 conuerterat
1337 2389 1390 2431 P.
1417 2386 1588 2432 Xauier
1604 2386 1650 2429 in
1678 2388 1848 2443 Iapone
1869 2400 1945 2430 se-

310 2463 529 2506 cundum.
555 2463 768 2506 Habebat
783 2463 858 2506 hic
874 2478 1091 2520 magnum
1108 2478 1293 2508 sensum
1307 2463 1628 2520 mysteriorum
1649 2463 1771 2517 fidei,
1796 2462 1945 2506 nomi-

313 2538 454 2582 natim
475 2539 746 2584 sacramenti
768 2539 1093 2593 Eucharistiae,
1113 2539 1433 2597 poenitentiae,
1459 2547 1504 2586 et
1520 2539 1801 2584 auctoritatis
1817 2554 1944 2583 sum-

312 2616 375 2658 mi
395 2615 639 2672 pontificis.

405 2693 647 2748 Quomodo
669 2693 901 2749 respondit
921 2693 1138 2737 cardinali
1160 2695 1531 2752 compostellano,
1557 2701 1645 2740 etc.

404 2768 543 2814 Venit
563 2768 801 2812 nobiscum
822 2770 1097 2815 Florentiam
1123 2785 1267 2828 vsque
1288 2771 1604 2829 Ribadaneyra
1631 2771 1768 2816 animi
1788 2784 1942 2824 causa,

310 2852 494 2890 creatus
517 2852 679 2890 rector.
710 2845 719 2904 Ι
745 2846 1023 2890 Florentiam
1045 2862 1189 2904 Vsque
1212 2848 1343 2905 petijt
1364 2864 1391 2892 a
1414 2863 1487 2894 me
1526 2863 1678 2894 meum
1709 2847 1947 2892 vasculum

314 2921 515 2965 indicum
538 2924 746 2976 cochum,
771 2929 818 2966 et
839 2937 865 2966 a
888 2924 941 2967 P.
967 2924 1171 2980 Goncale
1191 2924 1405 2982 pileolum
1430 2927 1441 2947 ¹
1468 2928 1520 2969 P.
1553 2924 1735 2982 Ignatij,
1759 2931 1848 2968 010.

394 3091 402 3110 ¹
454 3088 544 3134 Ms.‚
559 3089 752 3136 piliolum
762 3116 771 3125 .
