2196 3522
894 248 918 283 9
943 237 1192 274 Novmfflms
1221 236 1312 283 1563
1856 248 1922 283 45¹

1047 409 1173 450 3392

819 494 849 529 P
858 519 867 529 .
899 492 1217 529 LAMBERTUS
1244 492 1387 530 AUER

548 572 794 615 PATRI
840 571 1342 615 HIERONYMO
1388 551 1682 614 NADAL'

729 674 993 711 quUN‘rmE,
1018 676 1042 709 9
1067 673 1307 701 novssussms
1337 663 1427 710 1563
1456 667 1483 700 ¹.

284 758 324 786 Ι.
350 748 520 784 Gratias
536 750 627 797 agit
639 752 717 796 pro
730 761 831 785 cura
844 761 967 795 quam
983 748 1096 784 habet
1109 748 1224 784 illius
1236 748 1485 799 collegii.—2
1494 774 1502 783 .
1526 748 1626 783 Lues
1639 747 1790 795 infesta
1804 749 1924 784 illum

353 809 460 856 cogit
476 809 632 855 aliquot
648 809 897 844 scholasticos
914 820 934 844 e
951 808 1119 855 collegio
1136 808 1410 853 educere—3.
1434 806 1610 842 Litterae
1627 807 1803 844 indicae:
1830 808 1926 843 ado-

355 869 500 904 lescens
516 869 708 916 egregius
724 868 769 904 in
788 867 1023 904 Societatem
1044 867 1359 911 admissuS.—4.
1385 867 1520 901 Plura
1543 868 1785 914 moguntino
1810 867 1926 903 colle-

349 928 422 975 gio
435 927 484 962 ab
496 928 791 974 archiepiscopo
804 927 954 976 collata
965 925 1154 974 beneficia
1168 928 1405 962 recenset.—
1409 935 1444 968 5.
1462 925 1555 960 Duo
1559 923 1585 971 j
1589 937 1732 961 uvenes
1747 926 1923 961 Romam

352 987 481 1022 missi:
495 987 614 1034 grati
629 987 762 1022 animi
778 997 879 1033 erga
898 986 951 1021 P.
974 982 1164 1021 Natalem
1182 995 1298 1020 sensa
1315 985 1527 1032 exprimit.

1100 1062 1122 1096 †

1055 1099 1154 1156 Jhs.

379 1203 416 1234 1.
483 1191 578 1233 Pax
601 1187 770 1233 Christi
790 1195 877 1232 etc.
904 1188 1047 1232 Molto
1076 1188 1191 1231 Rdo.
1221 1187 1383 1231 Padre.
1419 1186 1702 1230 Arriuorono
1724 1185 1803 1242 qui
1825 1186 1922 1229 sani

284 1267 315 1310 li
338 1266 474 1311 Padri
500 1273 547 1310 et
576 1264 755 1319 fratelli,
784 1265 815 1308 li
843 1265 966 1321 quali
994 1264 1036 1308 ci
1064 1264 1229 1309 mando
1258 1265 1315 1308 V.
1351 1266 1402 1307 P.
1436 1262 1751 1320 Ringratiamo
1781 1263 1922 1306 molto

281 1345 398 1388 della
414 1358 523 1387 cura
543 1349 731 1399 paterna
751 1343 837 1387 che
857 1349 986 1399 porta
1008 1356 1185 1398 sempre
1202 1356 1282 1398 per
1298 1340 1389 1384 noi.
1410 1341 1586 1385 Stiamo
1603 1341 1750 1385 anche
1765 1339 1918 1383 benis-

282 1421 394 1465 sime
421 1419 623 1465 contenti
651 1434 737 1464 con
766 1419 855 1464 M.⁰
883 1419 1118 1464 Lodouico
1144 1434 1225 1476 per
1256 1418 1287 1461 il
1320 1433 1454 1462 corso
1492 1416 1820 1475 philosophico;
1856 1424 1919 1471 et,

280 1499 458 1544 benche
480 1498 602 1542 fusse
624 1504 742 1541 stato
758 1511 864 1542 caro
881 1498 1027 1541 anche
1044 1499 1090 1541 M
1097 1497 1135 1540 ,⁰
1151 1495 1341 1540 Nicolao
1356 1496 1389 1548 ¹,
1409 1510 1496 1552 pur
1512 1493 1788 1539 nondimeno
1804 1495 1919 1537 hab-

279 1575 430 1619 biamo
451 1582 585 1630 grato
607 1577 694 1620 che
720 1574 787 1619 sia
814 1574 862 1617 in
889 1573 1091 1631 Dilinga,
1117 1574 1236 1618 doue
1265 1573 1408 1617 faccia
1434 1572 1603 1629 meglio
1624 1587 1651 1615 a
1670 1571 1916 1628 proposito.

281 1654 386 1696 Non
408 1654 653 1697 haueremo
675 1659 1006 1704 mancamento,
1033 1651 1226 1696 essendo
1249 1665 1328 1707 per
1349 1649 1497 1707 gratia
1518 1649 1563 1692 di
1585 1649 1673 1692 Dio
1696 1648 1812 1692 assai
1835 1650 1921 1692 che

279 1744 400 1786 pono
422 1728 642 1772 adiutarci
664 1743 753 1772 vno
775 1728 822 1772 in
844 1736 1022 1785 questo,
1048 1729 1077 1770 l’
1102 1729 1217 1771 altro
1238 1728 1356 1772 nella
1377 1728 1490 1770 altra
1520 1727 1703 1770 faculta.
1735 1727 1799 1769 La
1822 1740 1919 1768 ma—

280 1807 382 1864 gior
402 1821 512 1850 cura
532 1806 594 1848 mi
617 1807 665 1849 fu
687 1821 766 1863 per
787 1805 819 1849 il
839 1805 1122 1862 philosopho,
1147 1805 1190 1848 lo
1213 1804 1347 1860 quale
1368 1805 1424 1848 V.
1444 1805 1497 1847 P.
1523 1803 1565 1847 ci
1586 1804 1711 1848 dette
1734 1802 1825 1860 gia.

370 1896 411 1926 2.
477 1884 543 1927 La
570 1889 715 1939 peste,
738 1883 915 1928 benche
943 1897 1034 1925 non
1062 1881 1129 1925 sia
1157 1881 1347 1938 grande,
1373 1881 1412 1924 si
1438 1883 1497 1924 ha
1526 1881 1639 1939 tolto
1667 1879 1809 1932 molti,
1834 1881 1919 1922 ha-

279 1960 430 2005 uendo
451 1959 483 2002 li
503 1959 680 2016 parenti
702 1974 859 2016 paura,
882 1960 1059 2003 benche
1081 1959 1124 2002 la
1146 1957 1372 2001 vindemia
1394 1959 1408 1979 ⁸
1432 1959 1630 2001 anchora
1646 1956 1764 2001 leuai
1782 1958 1918 2000 scho-

277 2037 358 2081 lari
382 2050 454 2080 21:
481 2028 757 2081 tornaranno
773 2051 907 2093 spero
928 2044 1099 2094 presto,

365 2116 424 2158 D.
466 2113 693 2159 Strobelio
735 2114 751 2135 ⁴
788 2128 875 2158 con
919 2113 1142 2159 Siluestro
1181 2115 1196 2134 ⁵
1225 2111 1529 2156 mandassimo
1573 2127 1653 2168 per
1695 2112 1914 2162 Treuere,

277 2191 368 2235 M.⁰
391 2191 619 2235 Rumoldo
641 2193 656 2214 ⁶
680 2206 706 2234 a
729 2190 936 2245 Colonia,
957 2198 1003 2235 et
1023 2189 1167 2247 hoggi
1187 2192 1239 2233 P.
1262 2188 1479 2234 Henrico.
1502 2190 1579 2232 Ho
1597 2189 1811 2231 mandato
1828 2201 1918 2230 vna

277 2267 407 2324 copia
429 2268 547 2312 della
568 2269 730 2313 lettera
750 2267 796 2311 di
818 2269 874 2312 V.
899 2269 951 2311 P.
973 2282 1054 2324 per
1072 2273 1191 2311 tutte
1207 2267 1297 2310 due
1313 2267 1478 2318 bande,
1500 2265 1626 2309 accii)
1643 2264 1802 2321 sapino
1819 2279 1917 2308 me-

278 2345 373 2402 glio
394 2346 436 2389 le
458 2359 580 2390 cose.

369 2435 409 2477 3.
476 2435 534 2465 20
564 2421 825 2478 essemplari
854 2424 1050 2465 hauemo
1082 2427 1266 2464 seruato
1297 2420 1415 2464 delle
1447 2420 1606 2463 lettere
1639 2418 1835 2469 indiane,
1872 2423 1920 2461 et

277 2500 392 2543 altre
420 2505 544 2542 tante
572 2499 785 2543 mandate
812 2513 893 2555 per
922 2500 1139 2542 Treuere.
1165 2498 1201 2540 Il
1228 2504 1349 2541 resto
1377 2511 1457 2553 per
1485 2496 1516 2539 li
1545 2495 1646 2539 altri
1670 2493 1850 2550 collegii
1871 2499 1918 2536 et

348 2635 358 2655 ¹
410 2637 469 2671 Ex
487 2637 743 2682 autographo,
761 2636 801 2672 in
822 2635 920 2672 Cod.
944 2645 996 2681 29
1011 2635 1063 2681 c),
1083 2634 1229 2682 duplici
1247 2634 1340 2682 fol.,
1357 2634 1418 2681 85,
1438 2633 1483 2670 88
1500 2636 1615 2678 (272).

346 2697 360 2717 2
411 2694 628 2730 Servatius.
648 2695 749 2730 Vide
767 2695 884 2742 epist.
902 2694 988 2739 320,
1007 2707 1047 2730 n.
1077 2703 1111 2737 13
1130 2700 1171 2730 et
1188 2693 1277 2730 326.

344 2755 358 2775 ⁵
408 2753 492 2790 Sic.
515 2753 741 2790 Desiderari
760 2754 917 2790 videtur
934 2753 1091 2801 aliquod
1108 2754 1273 2789 verbum
1291 2753 1331 2789 in
1348 2754 1423 2789 hoc
1441 2754 1540 2789 loen.

344 2816 359 2836 ⁴
408 2813 712 2860 Christophorus
731 2813 963 2854 Strobelius,
983 2813 1032 2848 de
1050 2824 1127 2860 quo
1146 2812 1236 2848 vide
1254 2824 1384 2860 supra,
1403 2823 1492 2859 pag.
1516 2820 1598 2857 152,
1617 2815 1657 2845 et
1675 2808 1860 2857 append.,
1880 2808 1913 2843 Ι.

343 2876 358 2895 ³
409 2873 615 2919 Sylvester
631 2872 848 2918 Nosbaum‚
866 2872 907 2908 ni
923 2872 1110 2908 fallimur.
1135 2871 1237 2907 Vide
1255 2871 1340 2918 ejus
1358 2883 1524 2907 examen
1542 2870 1582 2905 in
1601 2868 1785 2916 append.,
1806 2868 1843 2903 Ι.

343 2934 358 2955 <³
409 2932 659 2968 «Rumoldus
676 2931 858 2967 Flander
875 2930 921 2978 [ἓ]
938 2932 1133 2967 Rombaut
1152 2930 1383 2976 Wishaven‚
1403 2933 1452 2966 ne
1471 2930 1492 2965 ὲ
1511 2928 1691 2972 Malines‚
1709 2927 1769 2963 fut
1787 2926 1914 2962 admis

273 3005 322 3028 au
341 2991 513 3028 noviciat
531 2990 553 3026 ὲ
571 2991 747 3026 Louvain
765 3002 815 3026 en
836 2999 925 3036 1545
944 2996 984 3026 et
1003 2995 1130 3026 morut
1147 2984 1169 3026 ἕ
1193 2990 1369 3026 Louvain
1381 3019 1390 3036 ‚
1409 2991 1446 3026 le
1463 2989 1508 3025 28
1533 2988 1744 3024 decembre
1773 2986 1914 3031 1566.»

274 3053 333 3087 Ex
352 3051 687 3095 SOMMERVOGEL‚
706 3050 775 3086 Les
784 3049 954 3096 jesuites
971 3051 1018 3086 de
1036 3050 1175 3092 Rome,
1194 3060 1283 3097 pag.
1303 3058 1391 3086 xvi.
