2196 3522
291 265 338 301 28
850 264 894 298 P.
923 263 1110 298 NATALis
1136 262 1356 298 EPHEMER.

289 373 470 411 mantur
493 365 645 409 nescio
668 364 825 420 quanti
852 365 880 416 ¹,
906 364 976 406 :31
1002 378 1059 406 an
1082 364 1263 406 duobus
1285 362 1483 416 milibus3
1509 377 1624 418 quos
1641 377 1730 420 ego
1746 345 1923 409 reditus

288 443 445 488 censui
466 443 745 494 vendendos3
771 456 929 485 verum
951 440 997 497 id
1020 454 1112 483 non
1129 439 1227 483 ausi
1249 446 1358 483 sunt
1376 440 1525 484 facere
1542 447 1727 497 propter
1742 447 1917 495 notam,

290 535 406 576 quae
421 519 659 564 videbatur
674 517 914 575 prouenire
931 517 1010 570 illi,
1031 516 1108 572 qui
1125 518 1378 573 legauerat.
1399 516 1614 572 Visitaui‚
1635 524 1743 574 etc.;
1763 525 1811 562 et
1826 519 1918 562 col-

287 597 378 654 legi
400 596 635 648 rationem‚
655 609 745 651 qua
761 601 915 651 posset
930 594 1043 637 illud
1059 593 1304 650 collegium
1322 593 1519 649 fundari,
1546 594 1584 638 si
1612 594 1918 653 coniungere·-

286 681 359 717 tur
395 673 637 730 collegium
673 671 873 728 episcopi
909 671 1217 716 maioricensis
1254 670 1488 724 Societati,
1513 672 1637 727 quod
1668 672 1920 717 arbitrabar

285 766 420 808 posse
437 765 595 794 curare
612 750 683 794 vel
699 749 835 793 etiam
852 750 1076 793 conficere
1099 748 1362 792 Araozium.
1387 748 1515 793 Dixit
1536 749 1646 792 mihi
1670 749 1916 804 orationeS,

284 828 449 884 quibus
477 828 590 871 solet
613 826 676 869 vti
712 826 758 869 in
780 826 1094 870 curationibus
1131 826 1226 869 suis
1250 829 1302 870 P.
1330 826 1540 870 Michael:
1567 825 1692 870 visus
1715 826 1780 870 fui
1801 841 1921 871 non-

284 905 395 948 nihil
416 906 567 949 subito
589 905 748 948 melius
775 906 959 958 habere,
985 912 1057 948 etc
1080 905 1112 947 ².

375 1025 454 1068 32
994 1025 1194 1067 LOYOLE

373 1138 478 1182 Fuit
494 1138 601 1181 mihi
617 1137 924 1194 gratissimum
942 1137 1097 1181 videre
1114 1137 1264 1181 natale
1280 1137 1427 1180 solum
1447 1143 1493 1182 et
1508 1137 1693 1181 domum
1708 1138 1762 1181 P.
1783 1138 1915 1194 Igna-

285 1216 350 1272 tij.
377 1215 582 1260 Salutaui
604 1216 694 1258 don
717 1216 824 1258 Ioan
846 1215 903 1259 de
926 1214 1113 1271 Borgia‚
1139 1213 1282 1257 filium
1307 1216 1359 1258 P.
1387 1215 1423 1258 F
1427 1213 1635 1267 rancisci,
1661 1213 1739 1270 qui
1767 1215 1916 1259 duxe-

283 1300 353 1336 rat
373 1308 556 1337 onrem
579 1293 774 1335 donnam
797 1291 1088 1336 Laurentiam
1111 1298 1294 1348 neptem
1317 1306 1374 1336 ex
1397 1292 1534 1336 fratre
1552 1294 1604 1335 P.
1626 1292 1789 1349 Ignatij
1812 1292 1917 1336 vni—

282 1384 381 1413 cam
403 1377 449 1413 et
470 1366 711 1414 haeredem
733 1371 894 1412 domus
916 1370 1168 1426 loyolanae.
1195 1369 1285 1412 Hic
1306 1368 1399 1412 vidi
1416 1369 1567 1413 locum
1591 1370 1668 1414 vbi
1688 1377 1825 1414 natus
1846 1378 1917 1415 est

286 1449 337 1490 P.
380 1447 599 1504 Ignatius,
641 1447 718 1502 qui
756 1447 883 1490 locus
911 1453 1009 1490 erat
1038 1461 1291 1490 conuersus
1312 1445 1360 1490 in
1396 1446 1618 1490 culinam:
1648 1447 1773 1503 quod
1805 1447 1917 1490 mihi

284 1524 430 1567 visum
448 1531 516 1568 est
533 1524 786 1581 indignum.
807 1524 1025 1568 Concessi
1041 1525 1132 1567 don
1149 1523 1338 1568 Iohanni
1357 1525 1409 1567 P.
1433 1525 1698 1577 Cassellam,
1719 1538 1855 1580 quem
1883 1523 1890 1583 Ι

284 1603 337 1644 P.
359 1601 581 1644 Araozius
609 1601 737 1657 quasi
774 1602 1057 1658 capellanum
1089 1602 1468 1658 [postulaverat?].
1504 1601 1629 1645 Nihil
1656 1602 1790 1658 plane
1818 1601 1914 1659 egit

284 1680 336 1721 P.
363 1678 565 1734 Ignatius
587 1680 644 1721 ad
671 1678 1004 1722 conficiendum
1032 1677 1368 1722 matrimonium
1397 1679 1501 1731 hoc,
1533 1684 1671 1734 atque
1698 1678 1814 1723 adeo
1841 1678 1914 1722 in—

283 1755 434 1799 tellexi
455 1770 543 1812 ego
568 1756 705 1799 fuisse
722 1755 784 1798 illi
802 1755 1050 1812 ingratum,
1071 1755 1242 1799 etmihi
1259 1755 1442 1811 quidem
1459 1754 1590 1799 dixit:
1615 1755 1754 1799 «Dios
1770 1770 1830 1799 no
1846 1757 1916 1801 les

281 1831 478 1876 aiudara.
491 1851 508 1872 »
535 1834 771 1877 Habuerat
788 1832 987 1876 animum
1004 1832 1172 1877 serium
1190 1833 1248 1876 ad
1264 1832 1541 1878 Societatem
1558 1833 1649 1877 don
1666 1834 1907 1888 IohanneS,

280 1915 326 1951 et
353 1916 449 1953 erat
475 1909 702 1966 pollicitus
731 1910 924 1967 collegio
952 1925 1139 1954 romano
1163 1920 1249 1965 500
1285 1920 1351 1964 Δ;
1384 1911 1465 1953 sed
1491 1909 1609 1953 illud.
1628 1909 1910 1967 propositum

281 1986 490 2039 mutauit,
515 1988 602 2030 hoc
623 2002 715 2030 non
736 1987 885 2043 potuit
907 1988 1104 2044 explere.

367 2063 488 2107 Hinc
511 2064 697 2108 discessi
717 2065 1148 2122 Caesaraugustam,
1175 2071 1221 2109 et
1242 2079 1299 2108 ex
1315 2064 1479 2110 itinere
1500 2064 1699 2109 salutaui
1719 2066 1778 2108 D.
1805 2066 1919 2110 Mo-·

277 2154 474 2195 scosum,
494 2140 753 2197 episcopum
768 2142 1169 2198 pampilonensem,
1187 2141 1265 2198 qui
1276 2149 1374 2187 erat
1386 2142 1433 2185 in
1448 2141 1722 2187 visitatione:
1739 2142 1820 2185 33
1833 2142 1910 2186 de·

276 2217 343 2260 dit
364 2217 559 2274 aliquam
582 2233 706 2274 spem
727 2218 932 2275 erigendi
955 2219 1132 2276 collegij
1159 2219 1468 2277 Pampilonae.
1489 2220 1540 2262 In
1557 2233 1612 2264 eo
1627 2233 1750 2276 pago
1768 2219 1911 2262 decu-

276 2295 440 2339 buerat
468 2296 482 2316 ⁵
518 2297 570 2338 P.
602 2294 805 2352 Ignatius
834 2296 858 2338 8
888 2296 903 2316 ‘²
932 2296 1044 2350 dies,
1076 2311 1217 2352 quum
1244 2297 1510 2340 vulneratus
1537 2296 1726 2340 domum
1752 2310 1911 2353 repor-

278 2377 450 2415 taretur
472 2371 737 2428 Pampilona
761 2374 791 2415 ⁵.
822 2391 824 2394 ·
1892 2376 1894 2379 ’

363 2448 443 2491 34
525 2455 528 2458 ’
882 2452 1303 2495 CAESARAUGUSTE

363 2526 470 2569 Huc
491 2541 789 2571 euocaueram
810 2529 860 2570 P.
886 2529 977 2571 don
998 2528 1198 2585 Diegum
1215 2535 1261 2572 et
1276 2529 1510 2572 doctorem
1527 2528 1765 2581 Loartum,
1787 2527 1913 2572 vnde

276 2602 377 2646 misi
399 2603 730 2646 Barchinonam
751 2611 801 2646 vt
822 2606 1182 2650 conscenderent
1205 2604 1427 2650 triremes.
1483 2644 1485 2646 ,
1504 2608 1512 2613 ’

344 2724 355 2744 ¹
404 2722 507 2758 Nota
540 2734 562 2757 a
580 2722 710 2758 Natali
739 2722 802 2758 hic
826 2723 999 2759 adhibita
1029 2725 1226 2771 significat
1248 2725 1344 2761 alias
1374 2726 1496 2771 quod,·
1525 2724 1589 2760 hic
1611 2729 1744 2760 autem
1767 2734 1909 2760 sensus

270 2782 417 2827 quanti
434 2783 632 2828 postulare
649 2782 819 2818 videtur.

339 2843 353 2862 ²
404 2841 487 2876 Fol.
508 2840 549 2876 31
571 2853 609 2876 v.
627 2842 774 2877 nullam
791 2842 910 2878 habet
929 2843 1174 2891 scripturam.

341 2900 355 2920 ³
405 2900 450 2935 In
467 2911 543 2935 ms.
564 2900 776 2947 repetitum
794 2906 855 2937 est
868 2902 941 2937 hoc
956 2905 1136 2939 verbum.

338 2959 354 2979 ⁴
402 2958 491 2994 Non
504 2960 607 2994 clare
621 2965 781 3006 apparet
794 2971 842 2995 an
856 2960 881 2994 8
899 2963 961 2997 vel
976 2963 1023 2997 18
1042 2963 1231 3010 scriptum
1249 2961 1385 2998 fuerit.
1407 2961 1654 2998 Probabilius
1676 2965 1862 3009 putamus
1873 2959 1903 2995 8

267 3018 479 3065 legendum
498 3029 600 3054 esse.

337 3080 353 3101 ⁵
402 3078 447 3113 In
463 3076 531 3113 fol.
551 3076 597 3113 33
615 3090 654 3114 v.
674 3078 727 3113 nil
743 3078 930 3125 scriptum
945 3079 1029 3117 fuit.
