2196 3522
984 240 1206 293 Apmu‘nm
1837 255 1909 306 537

275 355 423 411 annis;
453 363 500 400 et
527 355 722 409 Treuiri,
756 371 877 400 anno
907 355 1109 398 nondum
1130 354 1300 411 elapso,
1324 356 1415 402 huc
1436 355 1723 413 Moguntiam
1742 356 1910 402 missus

275 430 396 460 sum.
448 416 520 459 16.
541 449 550 457 .
571 450 580 457 .
626 415 676 460 Si
711 415 798 460 alia
828 413 1219 458 mortificationem
1255 416 1577 460 concernentia
1612 423 1904 471 quaerantur,

275 474 442 520 sufficit
457 474 699 518 triennium
716 481 878 527 totum,
892 488 983 530 quo
996 472 1216 517 Coloniae
1230 473 1311 526 fui,
1325 473 1371 517 in
1385 474 1584 519 medium
1598 477 1774 520 afferre.
1789 477 1906 520 Nam

274 534 337 578 ibi
350 534 469 579 inter
481 535 675 586 labores,
692 533 921 579 molestias
937 539 1224 577 externorum
1234 567 1244 586 ,
1263 532 1338 576 vix
1353 534 1411 578 de
1424 534 1651 579 Societate
1665 535 1906 591 quicquam

276 595 370 638 fere
396 595 406 615 ¹
432 593 585 636 audiui
608 593 805 646 aliunde,
830 607 916 636 nec
936 591 1029 634 vidi
1050 590 1129 644 ibi,
1154 591 1244 634 imo
1270 606 1374 635 cum
1398 593 1597 637 externis
1619 601 1670 636 ut
1691 595 1910 638 secularis

274 652 322 696 in
343 652 526 706 scholis,
551 652 735 707 mensis,
760 651 983 695 cubiculis
1004 659 1050 695 et
1070 650 1215 703 lectis,
1240 651 1397 696 viuere
1418 652 1570 696 iussus
1591 667 1709 707 sum,
1736 654 1909 710 regulis

275 718 322 757 et
342 725 446 755 cum
469 711 523 755 iis
546 711 654 766 vita,
679 726 796 767 quae
823 711 1074 755 secundum
1102 710 1286 766 regulas
1314 718 1451 764 esset,
1476 712 1650 768 pulpito
1679 713 1904 757 inclussis:

275 772 335 815 ob
357 771 691 815 multitudinem
713 771 1027 814 conuictorum
1047 769 1093 812 in
1115 770 1250 812 domo
1272 771 1498 814 conducta
1514 785 1618 814 cum
1636 772 1907 826 quibusdam

277 831 436 887 procul
460 845 486 874 a
507 830 700 887 collegio
721 829 925 874 habitare
946 829 1114 882 iussus,
1138 842 1229 871 non
1251 830 1391 873 semel
1419 836 1593 873 tantum
1626 831 1905 875 ebriosorum

278 889 560 945 aliorumque
588 888 956 946 persequentium
984 887 1142 931 stricta
1171 888 1260 932 tela
1284 888 1404 945 fugi,
1430 896 1476 933 et
1504 890 1643 934 semel
1672 904 1774 933 cum
1804 899 1909 935 octo

277 950 371 993 fere
393 964 472 1005 per
492 949 716 1005 integram
739 963 950 1005 magnam
972 947 1185 1004 plateam.
1218 948 1408 1004 Semper
1436 948 1621 992 meliora
1650 951 1906 1005 expectaui,

278 1015 324 1054 et
345 1008 462 1051 inter
478 1009 629 1051 omnia
652 1007 739 1051 ista
759 1015 806 1051 et
826 1008 956 1064 plura
983 1006 1084 1059 alia,
1110 1021 1191 1063 per
1222 1006 1307 1050 Dei
1339 1007 1549 1063 gratiam,
1574 1007 1815 1053 Societatis
1836 1011 1908 1053 vel

279 1068 379 1111 sola
410 1066 628 1124 cogitatio
659 1068 781 1122 quod
813 1066 860 1109 in
892 1080 946 1110 ea
977 1080 1139 1118 essem,
1174 1072 1220 1110 et
1242 1067 1375 1109 talem
1398 1066 1445 1109 in
1461 1067 1586 1111 Italia
1609 1067 1812 1120 viderim,
1837 1084 1910 1113 me

7 1168 10 1171 .
281 1127 513 1171 consolata
541 1133 629 1171 est.
672 1128 795 1171 Inter
822 1125 1027 1170 infideles
1054 1125 1156 1181 plus
1190 1125 1469 1169 collectionis
1502 1127 1616 1171 sorte
1650 1127 1908 1171 habuissem

0 1187 18 1234 -ζ
281 1200 418 1242 quam
435 1185 514 1238 ibi,
534 1199 637 1229 cum
655 1185 806 1228 omnia
823 1186 955 1242 plena
973 1183 1156 1237 fuerint,
1177 1191 1223 1228 et
1239 1184 1284 1228 in
1307 1199 1398 1228 vno
1414 1200 1554 1242 paruo
1571 1185 1781 1230 cubiculo
1794 1201 1908 1230 xcum

0 1259 7 1291 ff
281 1252 387 1289 octo
410 1246 479 1288 vel
500 1259 666 1290 nouem
689 1244 889 1289 externis
912 1243 1088 1296 fuerim,
1114 1251 1160 1288 et
1181 1257 1285 1287 cum
1310 1259 1399 1288 vno
1426 1252 1614 1289 externo
1635 1253 1681 1289 et
1703 1248 1907 1301 quando-

0 1308 11 1331 *
278 1319 367 1360 que
388 1305 568 1348 duobus
589 1304 636 1347 in
657 1306 817 1348 eodem
835 1305 968 1348 lecto.
989 1302 1097 1355 Alii,
1117 1302 1195 1359 qui
1212 1303 1272 1346 ibi
1291 1304 1490 1356 suerunt,
1511 1304 1645 1349 etiarn
1663 1313 1771 1348 sunt
1788 1306 1907 1362 passi

0 1406 6 1411 ,γ
280 1360 445 1421 aliqua,
469 1364 549 1408 sed
582 1363 763 1420 quidam
791 1364 849 1407 ob
878 1362 1112 1420 grauiores
1140 1362 1373 1414 lectiones,
1405 1363 1479 1406 alii
1500 1365 1559 1407 ob
1581 1365 1906 1410 sacerdotalem

0 1417 13 1475 ᾖ
279 1423 596 1475 reuerentiam,
622 1422 694 1479 alij
719 1422 824 1479 quia
845 1423 891 1466 in
912 1436 1049 1466 cursu
1071 1421 1382 1478 philosophico
1398 1430 1542 1475 erant,
1563 1431 1609 1467 et
1626 1424 1830 1467 nonnulli
1847 1426 1907 1467 ob

0 1480 3 1494 ⁶
278 1482 388 1527 alias
409 1494 570 1526 causas
591 1484 689 1526 Deo
709 1490 756 1525 et
776 1481 1084 1539 superioribus
1106 1488 1253 1534 notas,
1277 1481 1443 1535 minus;
1469 1482 1578 1525 mihi
1597 1497 1719 1535 vero,
1740 1491 1786 1528 et
1802 1484 1910 1539 quia

278 1541 448 1597 aliquid
468 1542 525 1585 de
546 1541 705 1598 lingua
732 1541 992 1598 germanica
1018 1540 1233 1593 sciebam,
1264 1548 1310 1585 et
1339 1541 1493 1586 faciles
1521 1541 1738 1587 lectiones
1766 1543 1909 1586 habe-

0 1639 4 1655 ,
278 1615 390 1655 rem,
414 1615 591 1658 semper
623 1603 734 1644 haec
756 1608 802 1646 et
823 1600 985 1644 similia
1001 1600 1369 1656 imponebantur.
1402 1602 1613 1657 Quatuor
1643 1616 1786 1645 annos
1818 1602 1907 1645 iam

0 1667 9 1705 ἶ·
277 1661 438 1704 doceo.
459 1695 468 1703 .
489 1694 498 1703 .
531 1673 606 1703 22.
640 1660 833 1704 Mirabili
855 1661 989 1703 modo
1015 1666 1062 1703 et
1082 1659 1388 1716 singulariter,
1413 1667 1529 1705 teste
1556 1662 1619 1704 D.
1652 1662 1907 1714 Leonardo,

0 1718 9 1777 ξ
278 1720 336 1763 ad
357 1719 629 1764 Societatem
661 1726 850 1763 vocatus
881 1734 998 1763 sum:
1030 1733 1114 1762 nec
1135 1733 1332 1774 vnquam
1356 1719 1464 1762 mihi
1488 1720 1573 1763 fuit
1595 1735 1674 1776 per
1694 1720 1781 1764 Dei
1801 1735 1908 1777 gra-

0 1794 9 1829 ’ῑ
278 1778 386 1823 tiam
407 1778 612 1832 dubium,
637 1779 745 1834 quin
767 1778 1106 1824 haec-Societas
1126 1777 1184 1820 sit
1212 1792 1312 1821 mea
1343 1779 1536 1831 vocati03
1556 1787 1602 1822 et
1619 1779 1665 1822 in
1680 1794 1735 1823 ea
1752 1794 1904 1836 perse-

0 1841 10 1885 ἕ
279 1852 453 1890 uerare,
478 1839 577 1881 Deo
612 1838 874 1890 adiuuante,
899 1844 1082 1895 paratus
1113 1851 1233 1880 sum.
1276 1849 1351 1892 23.
1393 1839 1496 1882 Non
1531 1853 1646 1891 raro,
1681 1838 1773 1882 imo
1813 1840 1910 1883 fere

0 1896 12 1925 ι’
277 1911 455 1954 semper
476 1899 711 1949 hactenus,
740 1897 879 1941 habui
909 1897 956 1940 in
983 1896 1211 1942 Societate
1232 1896 1462 1949 exercitia,
1487 1899 1586 1941 Deo
1603 1897 1647 1940 id
1670 1897 1733 1942 ita
1754 1898 1907 1955 dispo-

277 1963 431 2009 nente,
456 1957 648 2000 naturali
673 1955 951 2000 inclinationi
978 1955 1294 2012 repugnantia,
1325 1962 1371 2000 et
1398 1956 1550 2000 iussus
1578 1956 1680 2009 feci,
1704 1965 1751 2001 et
1772 1972 1907 2000 num—

277 2030 413 2072 quam
446 2015 540 2058 scio
571 2031 644 2060 me
673 2015 718 2058 in
751 2016 954 2059 fraudem
985 2015 1230 2070 quidquam
1262 2014 1308 2057 in
1340 2014 1406 2059 eis
1443 2016 1626 2068 fecisse,
1667 2031 1768 2073 nec,
1808 2018 1909 2061 Deo

275 2075 480 2128 iuuante,
504 2090 702 2131 vnquam
725 2075 902 2128 faciam,
921 2082 968 2118 et
983 2074 1184 2117 hilariter
1199 2080 1246 2116 et
1260 2073 1570 2120 indifferenter
1586 2075 1720 2119 obibo
1737 2076 1905 2120 omnia.

279 2146 355 2189 24.
388 2136 515 2178 Bona
535 2133 752 2191 principia
774 2133 959 2189 linguae
979 2147 1171 2190 graecae
1199 2132 1371 2177 tamdiu
1399 2135 1561 2186 habeo,
1588 2142 1634 2179 et
1660 2149 1908 2191 numquam

279 2194 392 2251 (laus
412 2195 526 2248 Deo)
549 2200 809 2249 assumptus
832 2193 896 2235 sui
918 2193 975 2236 ad
997 2193 1251 2237 docendum
1274 2193 1347 2236 vel
1374 2193 1473 2237 eius
1501 2194 1643 2250 prima
1665 2194 1905 2247 elementa,

277 2252 384 2296 licet
405 2253 462 2296 ad
483 2252 529 2295 id
550 2252 655 2295 alibi
678 2252 897 2308 assumpti
919 2252 1025 2304 sint,
1049 2265 1244 2307 quorum
1267 2251 1404 2307 aliqui
1427 2253 1538 2296 nihil
1562 2254 1654 2297 fere
1675 2253 1720 2296 in
1744 2253 1798 2298 e'a
1818 2253 1908 2296 sci-

278 2311 444 2366 uerint,
476 2312 591 2356 alius
619 2326 711 2355 non
739 2311 924 2355 sciuerit
959 2312 1076 2355 bene
1108 2311 1283 2367 legere;
1319 2310 1455 2367 idque
1489 2313 1656 2356 factum
1679 2314 1736 2356 ad
1758 2327 1909 2357 meum

278 2370 510 2425 maiorem,
535 2378 662 2427 puto,
687 2370 964 2427 spiritualem
987 2371 1205 2413 fructum.
1240 2371 1341 2428 Jam
1374 2377 1470 2414 tum
1502 2386 1683 2428 graeca,
1709 2371 1908 2427 philoso-

280 2429 412 2486 phica
432 2439 478 2474 et
498 2430 665 2483 omnia,
695 2431 753 2473 ad
782 2444 899 2485 quae
930 2436 1035 2472 ante
1066 2429 1204 2472 habui
1231 2428 1584 2483 inclinationem,
1611 2430 1839 2473 fastidium
1862 2439 1909 2474 et

278 2503 493 2533 nauseam
531 2496 753 2546 generant
790 2503 871 2545 pro
906 2488 1166 2533 vehementi
1202 2488 1492 2533 inclinatione
1528 2489 1716 2533 iuuandi
1754 2489 1907 2545 proxi-

279 2563 423 2591 mum.
459 2550 508 2605 [I,
538 2548 701 2603 145.biS
730 2548 906 2606 145.ter]

373 2620 414 2651 1.
484 2608 697 2651 Andreas
733 2623 915 2660 nornen,
941 2607 1123 2650 Istuam‘
1143 2607 1158 2628 ²
1182 2620 1455 2663 cognomen,
1487 2607 1532 2650 id
1560 2614 1629 2650 est
1657 2606 1896 2663 Stephani.

280 2678 326 2709 2.
358 2667 597 2710 Annorum
620 2679 695 2710 22.
729 2680 775 2722 3.
806 2667 942 2711 Natio
965 2665 1202 2722 Hungaria
1222 2679 1279 2709 ex
1302 2667 1504 2710 Babuza.
1526 2701 1533 2709 .
1555 2701 1564 2708 .
1599 2678 1644 2720 7.
1677 2665 1908 2710 Seruierat

280 2725 506 2781 aliquibus
533 2725 754 2782 episcopis
781 2726 828 2769 in
865 2725 992 2769 Italia
1026 2732 1269 2781 antequam
1306 2725 1583 2782 reciperetur
1620 2725 1666 2768 in
1703 2725 1908 2769 Societa-

355 2896 363 2915 ¹
415 2891 594 2930 Obscure
612 2897 830 2929 exaratum.

349 2940 364 2960 ²
412 2939 501 2975 Non
518 2941 621 2975 clare
639 2946 799 2987 apparet
827 2952 876 2976 an
906 2941 1079 2986 Istuam',
1105 2940 1168 2974 vel
1192 2939 1386 2981 Istuanis‚
1420 2940 1482 2974 vel
1501 2938 1695 2979 Istuaniz‚
1719 2936 1907 2983 scriptum

281 2986 415 3023 fuerit.
440 2988 485 3022 In
504 2987 678 3032 margine
712 2988 828 3033 hujus
859 2988 1063 3033 examinis,
1083 2986 1233 3022 Natalis
1252 2997 1368 3021 manu
1398 2987 1495 3022 haec
1524 2985 1668 3031 scripta
1690 2984 1899 3019 habentur.

281 3035 392 3071 Haec
404 3035 565 3082 scripsit
588 3036 631 3071 Ρ.
651 3035 785 3070 Adam
799 3037 877 3082 pro
894 3035 997 3081 ipso.
