2196 3522
904 258 907 259 ν
954 235 1176 274 APPENDIX
1678 248 1681 250 “
1808 239 1878 287 593

183 339 201 354 ⁵
249 346 496 395 nostroque
517 338 837 396 ben[e]placito
864 351 953 393 400
979 345 1218 382 coronatos
1239 339 1481 395 quotannis
1502 339 1880 384 administrandos

247 398 605 455 designauimus,
630 406 676 442 et
697 399 820 442 nulla
841 397 1061 454 siquidem
1081 397 1254 441 meliori
1278 399 1516 443 occasione
1544 399 1643 443 illos
1671 402 1876 469 Romam,

247 474 381 515 quam
405 473 484 514 per
513 473 611 510 uos,
643 458 948 502 transmittere
970 457 1210 514 possimus,
1242 458 1452 501 clementi
1483 466 1638 502 nostra
1662 459 1880 515 petitione

245 533 272 561 a
294 517 425 561 uobis
455 492 774 574 efflagitamus,
814 524 880 569 ut,
911 516 949 559 si
986 516 1268 583 beneplacito
1304 524 1458 560 nostro
1486 518 1692 562 satisfieri
1720 519 1875 571 uultis,

244 577 343 620 illos
374 590 463 631 400
495 584 736 620 coronatos
763 576 956 632 singulis
993 575 1122 619 annis
1147 585 1347 632 tempore
1374 583 1566 629 statuto,
1598 578 1655 620 ad
1683 579 1876 622 natalem

183 638 201 649 ³
243 636 455 680 nimirum
476 636 676 680 ⁴Domini
713 635 956 679 seruatoris
991 635 1162 688 nostri,
1194 636 1338 679 donec
1372 635 1456 691 ipsi
1492 637 1874 690 reuocauerimus‚

242 697 415 740 Romae
442 695 527 752 ipsi
554 695 718 741 rectori
747 695 948 746 tradatis,
973 709 1142 749 eosque
1170 708 1260 737 una
1288 708 1390 737 cum
1420 694 1518 738 aliis
1545 695 1710 739 nostris
1744 697 1875 740 uobis

240 755 492 799 commissis
529 754 862 811 prouisionibus
898 753 1168 810 suscipiatis,
1194 761 1240 796 et
1262 768 1396 808 quam
1414 754 1627 798 citissime
1645 756 1702 798 ad
1719 756 1874 811 proxi-

243 830 365 858 mum
388 815 581 858 natalem
604 814 784 858 Domini
807 820 908 870 post
923 814 1051 856 datas
1067 813 1218 857 literas
1235 812 1477 869 incipiatis.
1510 815 1660 869 Quam
1682 815 1740 857 ob
1763 829 1872 858 cau-

243 889 339 918 sam
361 873 662 931 promittimus
684 881 898 928 certoque
913 872 1177 929 pollicemur
1200 871 1329 915 uobis
1352 873 1486 916 talem
1508 880 1705 916 uestram
1727 888 1871 930 pecu-

241 933 360 977 niam
383 948 474 977 una
501 947 603 977 cum
626 933 673 976 in
698 932 768 981 his
796 931 1117 976 commutantis
1153 945 1205 974 ac
1234 931 1474 976 reddendis
1506 932 1717 988 expensis
1741 948 1870 976 surn-

238 1000 410 1050 ptuque
446 993 689 1049 quotannis
725 993 781 1036 ad
816 992 980 1036 iustam
1016 990 1368 1034 satisfactionem
1404 991 1674 1044 reddituros,
1706 999 1752 1035 et
1783 994 1872 1037 tale

239 1060 443 1097 uestrum
474 1059 730 1109 promptum
763 1050 1031 1107 obsequium
1056 1051 1300 1097 clementer
1328 1050 1661 1108 recognituros.
1694 1053 1864 1096 Datum

167 1158 170 1160 .
240 1112 462 1165 Viennae,
488 1126 607 1155 anno
625 1112 699 1167 58.

325 1173 366 1214 A
391 1175 536 1229 tergo:
562 1172 692 1226 1558.
735 1169 931 1215 Vienna.
970 1169 1111 1226 Copia
1139 1170 1252 1213 d’un
1273 1169 1430 1213 ordine
1452 1169 1496 1212 di
1525 1184 1607 1213 sua
1635 1173 1807 1215 maesta
1841 1186 1867 1214 a

235 1237 660 1336 gssrltiobrgggcrzraitante
680 1230 864 1287 sopra-li
885 1242 972 1286 400
1002 1239 1043 1277 Δ
1073 1229 1211 1274 annui
1233 1229 1271 1273 si
1293 1231 1443 1275 hanno
1460 1244 1485 1272 a
1502 1244 1645 1289 pagar
1661 1230 1734 1288 pel
1751 1229 1868 1275 uitto

1014 1440 1076 1484 IV

763 1545 1040 1584 HERCULES
1065 1545 1328 1584 GONZAGA

820 1629 1026 1666 cardinalis
1045 1635 1277 1667 mantuanus

719 1732 887 1766 PATRI
919 1735 1130 1775 JACOBO
1164 1735 1371 1766 LAINEZ

677 1818 907 1870 Mantuae,
948 1817 999 1860 16
1031 1816 1200 1873 Aprilis
1238 1827 1348 1873 1559
1375 1818 1406 1859 ¹.

518 1916 744 1966 Collegium
763 1917 970 1954 Soeietatis
987 1917 1182 1953 Mantuae
1200 1915 1360 1952 institui
1372 1917 1569 1964 postulat.

317 2008 431 2052 Rdo.
466 2009 614 2053 Padre
641 2007 687 2050 in
716 2007 921 2061 Christo,
953 2008 1129 2051 fratello
1159 2006 1408 2050 carissimo.
1449 2008 1485 2049 E
1513 2011 1696 2062 passato
1715 2021 1793 2063 per
1815 2006 1860 2049 di

228 2082 319 2124 qua
340 2067 578 2111 Antonino
605 2066 829 2112 Gaietano
858 2081 943 2110 con
972 2067 1120 2110 alcuni
1149 2066 1426 2123 giouanetti,
1458 2079 1537 2121 per
1558 2065 1762 2109 condurli
1781 2081 1858 2109 co—

226 2130 296 2171 sta
317 2128 404 2171 alla
424 2126 659 2184 disciplina
679 2126 725 2169 di
747 2126 823 2170 uoi
845 2126 968 2180 altri,
993 2126 1114 2170 serui
1143 2126 1188 2169 di
1217 2133 1376 2169 nostro
1406 2125 1562 2181 signor
1583 2125 1686 2177 Dio,
1711 2132 1756 2168 et
1778 2127 1859 2169 ha—

228 2187 378 2231 uendo
399 2187 457 2230 da
473 2186 538 2230 lui
558 2186 706 2231 inteso
738 2186 781 2229 la
810 2185 944 2229 fatica
973 2187 1059 2230 che
1086 2186 1160 2228 uoi
1190 2187 1280 2230 fate
1311 2185 1357 2227 in
1386 2184 1585 2240 seruigio
1611 2184 1656 2226 di
1684 2199 1766 2227 sua
1788 2184 1858 2227 di·

227 2246 335 2289 uina
356 2248 423 2290 Μ.
437 2245 474 2281 t&
503 2253 549 2289 et
570 2245 674 2289 delli
697 2245 818 2290 fideli
840 2245 885 2287 di
907 2244 1088 2289 Christo
1109 2244 1252 2289 Giesu
1281 2245 1545 2295 benedetto,
1577 2258 1658 2286 son
1681 2250 1857 2287 entrato

228 2304 274 2348 in
296 2305 519 2349 desiderio
541 2305 586 2348 di
607 2306 749 2348 hauer
771 2311 931 2360 questo
951 2318 1074 2348 seme
1096 2304 1173 2360 qui
1195 2304 1312 2348 nella
1332 2303 1483 2346 chiesa
1504 2302 1611 2345 mia.
1647 2303 1761 2346 Pero
1783 2303 1858 2345 lho

227 2372 418 2421 pregato
439 2367 524 2409 che
545 2380 603 2409 ne
631 2363 785 2420 uoglia
806 2363 1018 2420 ragionar
1038 2378 1124 2407 con
1146 2365 1202 2408 V.
1236 2365 1292 2407 P.
1325 2365 1399 2414 R.
1433 2369 1478 2406 et
1507 2361 1635 2404 farmi
1664 2376 1793 2417 saper
1815 2362 1858 2404 la

229 2431 380 2468 mente
401 2424 447 2467 di
466 2423 541 2476 lei,
567 2423 752 2467 insieme
774 2430 819 2467 et
840 2423 882 2467 10
909 2422 1157 2466 conditioni
1184 2437 1270 2466 con
1296 2423 1338 2467 le
1366 2421 1487 2477 quali
1515 2421 1557 2463 io
1586 2420 1753 2477 potessi
1775 2421 1857 2462 dar

227 2483 546 2540 compimento,
572 2498 598 2526 a
619 2482 763 2539 gloria
784 2481 829 2525 di
851 2481 955 2534 Dio,
986 2497 1012 2524 a
1042 2489 1203 2537 questo
1229 2481 1318 2524 mio
1346 2480 1588 2525 desiderio.
1627 2481 1692 2523 La
1714 2494 1855 2546 prego

228 2544 314 2587 che
336 2542 492 2599 uoglia
513 2543 670 2586 creder
691 2548 860 2597 quanto
881 2542 924 2584 le
944 2540 1039 2584 dira
1066 2556 1169 2584 esso
1198 2540 1431 2584 Antonino
1459 2555 1484 2582 a
1512 2554 1643 2582 nome
1672 2538 1785 2591 mio,
1812 2546 1858 2582 et

229 2601 359 2644 farmi
380 2608 550 2658 quanto
572 2601 713 2658 prima
734 2603 878 2657 saper’
902 2601 932 2642 l’
938 2599 1086 2643 animo
1106 2602 1191 2644 che
1211 2600 1242 2642 il
1264 2599 1430 2656 Spirito
1453 2598 1497 2641 di
1519 2597 1606 2641 Dio
1629 2599 1670 2641 le
1688 2599 1856 2641 hauera

230 2668 360 2717 posto
381 2660 428 2704 in
450 2675 603 2714 cuore,
627 2667 674 2704 et
694 2660 770 2717 qui
792 2666 912 2704 resto
941 2658 1392 2703 raccomandandomi
1420 2659 1504 2701 alle
1532 2672 1612 2699 sue
1636 2655 1846 2699 orationi.

231 2720 290 2764 Di
314 2723 518 2773 Mantua,
543 2720 574 2762 il
596 2734 676 2764 XVI
701 2719 746 2762 di
767 2719 925 2776 Aprile
946 2719 1020 2762 nel
1043 2729 1116 2776 59.
1144 2721 1205 2762 D
1231 2720 1288 2762 V
1315 2720 1368 2762 R.
1398 2720 1453 2760 Ρ.
1481 2731 1607 2759 0οῐηο
1624 2714 1825 2760 fratello
1814 2730 1859 2759 m

232 2780 433 2824 Christo.

915 2838 1044 2880 ΗΕΒ.
1086 2850 1326 2881 CARmNAL
1358 2850 1406 2880 DI
1440 2838 1670 2879 MANTUA.

303 2983 311 3003 ¹
365 2981 421 3016 Ex
441 2981 694 3027 autographo,
714 2980 754 3015 in
775 2979 874 3016 Cod.
902 2980 959 3025 38,
979 2978 1407 3026 dup11C1fol‚52(10).
1434 2979 1478 3013 In
1497 2977 1654 3028 antiquo
1673 2976 1862 3014 tabulario

232 3037 276 3068 c.
284 3037 373 3066 xvl.
398 3037 454 3074 17,
474 3028 581 3077 prius
602 3036 660 3065 1-.1
686 3008 786 3065 Vide
805 3039 933 3077 supra,
952 3038 1071 3076 pagg.
1097 3027 1165 3064 216
1142 3005 1284 3076 6‚2'33,
1302 3026 1386 3074 234,
1406 3031 1487 3063 etc.
