2196 3522
849 299 892 336 14
917 291 1166 327 Novi-:umus
1196 291 1286 338 1563
1815 299 1887 338 459

247 393 308 435 do
330 391 458 435 auiso
479 393 566 437 che
585 392 633 435 in
655 394 798 436 Roma
826 391 857 434 il
884 392 1141 437 Settembre
1172 395 1256 437 che
1280 393 1415 439 uiene
1440 395 1611 438 hauera
1637 393 1836 437 studiato
1859 407 1884 449 3

249 468 358 512 anni
384 470 441 513 de
470 469 701 526 theologia
730 469 820 514 M.⁰
854 464 1011 514 ¹Pietro
1049 471 1237 527 Vngaro
1274 472 1303 523 ¹,
1328 470 1359 513 il
1396 471 1529 526 quale
1566 471 1703 527 legge
1724 471 1885 514 adesso

248 546 400 590 l’etica
421 539 516 590 conv
535 545 851 591 satisfactione.
884 547 919 590 11
947 548 1000 590 P.
1034 547 1239 590 Emerico
1262 548 1438 592 musico
1465 549 1499 601 ²,
1536 547 1636 591 altri
1660 554 1726 591 tre
1758 547 1879 592 anni.

250 626 298 668 M
305 623 340 666 .⁰
358 624 530 667 Xofaro
547 623 708 668 Clauio
731 625 764 677 ⁵,
800 625 1004 677 tudesco,
1031 632 1203 668 uenuto
1219 625 1275 668 de
1299 626 1576 682 Portugallo,
1599 639 1640 680 33
1662 631 1706 669 et
1723 626 1885 670 adesso

250 701 386 758 legge
419 701 461 744 la
491 701 808 745 mathematica
837 701 882 744 in
910 703 1055 745 Roma
1083 715 1169 744 con
1196 702 1316 745 bona
1343 701 1664 746 satisfactione.
1699 703 1885 747 Urbano

250 761 439 822 tudesco
476 778 491 798 ⁴
516 778 546 820 il
568 777 727 831 simile,
753 785 800 821 et
826 792 941 821 sono
963 777 1064 822 altri
1092 777 1261 822 diuersi
1283 779 1341 822 de
1370 791 1394 821 2
1425 778 1548 831 anni,
1579 793 1715 823 senza
1737 780 1885 835 parlar

246 855 304 898 de
326 855 554 916 fiandresi,
575 854 754 911 inglesi,
780 862 826 899 et
842 854 989 898 schoti
999 863 1046 898 et
1061 856 1118 898 de
1135 855 1247 898 altre
1264 855 1451 899 nationi.
1473 856 1508 899 F
1510 855 1720 899 iniranno
1739 858 1883 900 anche

246 931 278 974 il
298 946 429 975 corso
451 933 628 988 Gaspar
666 933 871 985 tudescO,
903 932 1166 977 Alexandro
1195 947 1320 985 saxo,
1346 934 1472 977 Luca
1500 933 1698 989 pollono,
1731 935 1883 977 Theo-

245 1009 357 1052 doro
377 1010 567 1061 flandro,
608 1009 797 1054 Stefano
834 1008 1015 1053 Liberio
1038 1010 1242 1062 tudesco,
1274 1017 1320 1053 et
1350 1009 1451 1052 altri
1473 1010 1530 1053 de
1558 1011 1670 1054 altre
1691 1009 1879 1053 nationi.

247 1086 378 1129 Nella
399 1085 695 1135 rettoricaui
733 1100 844 1130 sono
881 1100 1047 1130 ancora
1083 1086 1233 1129 alcuni
1270 1086 1492 1143 germani,
1532 1088 1710 1131 benche
1739 1101 1830 1130 non
1852 1086 1882 1128 li

247 1177 475 1219 cognosco
497 1162 619 1215 tutti,
645 1169 691 1208 et
711 1177 824 1206 sono
841 1164 898 1208 de
927 1164 976 1207 18
999 1177 1027 1206 o
1055 1176 1107 1221 19
1135 1164 1257 1207 anni.
1290 1165 1468 1220 Questo
1496 1171 1811 1220 presupposto‚
1838 1171 1883 1208 et

246 1241 332 1282 che
354 1240 472 1283 forse
493 1239 598 1282 delli
619 1239 737 1284 corsi
759 1241 987 1296 qualcuno
1009 1242 1094 1285 che
1116 1255 1206 1283 non
1230 1240 1267 1284 si
1291 1240 1484 1285 trouassi
1506 1255 1534 1284 o
1556 1241 1718 1284 facessi
1742 1241 1882 1284 frutto

246 1315 284 1359 si
307 1317 525 1372 potrebbe
547 1317 715 1369 leuare,
754 1319 884 1373 potra
921 1318 979 1361 V.
1006 1318 1060 1361 R.
1088 1317 1154 1360 far
1176 1317 1207 1360 il
1229 1332 1312 1361 suo
1341 1324 1477 1360 conto
1506 1318 1580 1362 del
1612 1317 1770 1374 agiuto
1798 1319 1882 1361 che

245 1395 374 1450 potra
394 1394 475 1436 dar
495 1393 623 1437 Italia
648 1409 729 1450 per
750 1393 1003 1450 Herbipoli.
1030 1395 1197 1451 Quello
1219 1394 1264 1437 di
1287 1395 1328 1437 la
1350 1395 1407 1438 de
1429 1394 1675 1438 Germania
1692 1396 1735 1438 lo
1751 1378 1882 1451 sapra

243 1469 411 1525 meglio
448 1469 493 1512 di
530 1470 620 1514 noi:
647 1470 722 1528 gia
744 1470 781 1514 si
804 1472 829 1515 e
851 1471 1008 1514 scritto
1030 1472 1071 1515 al
1096 1473 1148 1515 P.
1182 1472 1444 1515 Theobaldo
1474 1473 1488 1494 ⁵
1517 1486 1566 1516 se
1604 1487 1661 1516 ne
1693 1472 1811 1515 uada
1839 1472 1882 1514 la

244 1547 367 1589 uolta
395 1547 451 1590 de
479 1548 633 1604 Ispruc
668 1548 910 1593 essendoui
939 1548 1122 1593 licentia
1149 1549 1222 1593 del
1255 1549 1466 1593 cardenal
1494 1550 1551 1594 de
1580 1551 1760 1593 Trento.
1794 1549 1882 1593 Del

247 1747 297 1771 ex
313 1736 417 1773 mille
432 1743 472 1773 et
485 1738 557 1773 800
570 1738 656 1782 flor.
677 1738 892 1786 promissis.
909 1739 1007 1774 Nam
1022 1739 1117 1775 nihil
1132 1739 1346 1786 accipietur
1359 1751 1408 1775 ex
1423 1739 1495 1775 800
1509 1739 1584 1775 nisi
1604 1750 1706 1774 anno
1724 1751 1881 1786 prorsus

247 1797 441 1843 absoluto,
460 1798 526 1844 qui
544 1797 732 1845 sequitur3
753 1803 792 1834 et
810 1807 968 1844 ‹ex-1000
982 1804 1070 1846 post
1088 1798 1284 1844 angariam
1300 1798 1514 1845 proximam
1529 1799 1797 1835 numerabitur
1814 1810 1882 1846 pro

247 1855 401 1892 duobus
419 1862 569 1893 tantum
587 1858 803 1904 mensibus,
821 1869 910 1894 cum
934 1858 1091 1905 angaria
1110 1863 1190 1894 tres
1208 1869 1363 1894 menses
1380 1858 1663 1895 constituat...»

321 1915 383 1951 Ad
397 1918 543 1952 calcem
558 1917 760 1964 epistolae,
775 1912 934 1954 Polanci
948 1929 1077 1953 manu:
1094 1919 1151 1953 «al
1167 1929 1206 1964 p.
1217 1925 1234 1945 e
1256 1917 1378 1953 Nadal
1393 1917 1578 1964 informat
1591 1917 1683 1953 delli
1698 1917 1818 1953 nostri
1832 1918 1880 1953 de

248 1975 385 2022 Roma,
405 1981 444 2011 et
461 1977 534 2012 che
551 1975 628 2023 pub
647 1976 806 2013 visitare
825 1977 1145 2024 l'herbipolense,
1165 1989 1207 2012 se
1226 1977 1253 2012 li
1271 1977 1426 2023 patera,
1446 1983 1485 2013 et
1503 1977 1536 2012 si
1554 1977 1711 2013 rimetta
1736 1989 1757 2012 a
1776 1977 1830 2013 lui
1855 1978 1880 2013 il

248 2039 485 2081 promettere
504 2047 573 2082 per
596 2037 623 2071 l’
642 2046 743 2071 anno
766 2041 978 2072 venturo.»
998 2038 1056 2072 Ex
1081 2037 1311 2083 archetypo,
1332 2036 1371 2072 in
1389 2037 1524 2084 Epist.
1557 2036 1728 2078 Canisii,
1754 2037 1786 2083 Ι,
1816 2045 1881 2072 122

246 2092 348 2140 (359)
372 2093 493 2139 360)·'

323 2156 332 2176 ¹
385 2155 556 2190 «Petrus
579 2155 826 2202 Hungarus.
856 2154 989 2191 Pierre
1013 2156 1190 2191 Hernath
1216 2160 1325 2190 entra
1349 2167 1398 2190 au
1422 2154 1593 2190 noviciat
1617 2154 1666 2190 de
1686 2155 1807 2190 Rome
1832 2166 1881 2190 en

250 2222 353 2259 1559.
373 2214 404 2249 11
422 2219 605 2250 retourna
624 2226 672 2250 en
697 2215 886 2261 Hongrie,
905 2216 1018 2262 apres
1035 2215 1143 2250 avoi'r
1160 2215 1239 2261 pris
1258 2215 1294 2250 le
1311 2215 1432 2261 grade
1450 2215 1498 2250 de
1518 2216 1692 2250 Docteur
1710 2227 1758 2250 en
1774 2215 1882 2250 theo-

246 2272 349 2318 logie
368 2279 408 2308 et
426 2272 486 2309 fut
501 2279 657 2308 recteur
673 2273 722 2309 de
736 2275 892 2320 Tyrnau
908 2286 956 2310 en
975 2275 1076 2319 1567.
1093 2274 1268 2317 (Sochert
1286 2275 1392 2309 Hist.
1415 2275 1536 2310 Pro-v.
1552 2275 1758 2316 Austrhze,
1776 2275 1882 2309 Pars

242 2333 397 2379 prima,
418 2345 455 2379 p.
478 2331 557 2381 139,
578 2345 620 2368 n.
644 2332 751 2378 35.)»
771 2334 829 2368 Ex
849 2333 1179 2384 SOMMERVOGEL‚
1202 2334 1271 2369 Les
1281 2333 1450 2380 jesuites
1467 2335 1514 2369 de
1530 2335 1666 2376 Rome,
1686 2345 1774 2379 pag.
1795 2343 1878 2369 xlv.

321 2390 335 2410 ¹
385 2392 636 2428 «Emericus.
671 2392 783 2428 C’est
813 2393 1007 2440 peut-etre
1038 2385 1192 2428 Emeric
1222 2394 1428 2428 Forschler
1452 2405 1501 2429 ou
1526 2394 1699 2436 Forsler‚
1725 2393 1805 2440 qui,
1832 2405 1880 2428 en

254 2450 357 2495 1564,
372 2450 432 2486 fut
446 2451 622 2487 ministre
636 2453 657 2488 a
676 2453 828 2488 Vienne
843 2459 883 2488 et
896 2459 1050 2490 recteur
1065 2465 1113 2488 en
1132 2453 1236 2499 1566,
1252 2458 1306 2499 et,
1321 2465 1371 2488 en
1388 2452 1493 2497 1578,
1508 2458 1662 2488 recteur
1677 2453 1697 2488 a
1713 2453 1848 2488 Gratz.
1862 2465 1879 2485 η

252 2509 582 2557 SOMMERVOGEL‚
603 2513 681 2548 loc.
704 2512 796 2558 cit.‚
816 2524 905 2560 pag.
926 2525 994 2549 xv.

322 2570 336 2589 ⁵
386 2567 719 2618 «christophorus
739 2572 921 2609 Cla-vius.
947 2572 1006 2607 Ne
1025 2572 1045 2607 a
1064 2573 1259 2618 Bamberg
1277 2584 1326 2608 en
1349 2572 1451 2617 1538,
1471 2572 1495 2607 il
1517 2578 1625 2607 entra
1644 2584 1690 2606 au
1710 2571 1881 2606 noviciat

250 2639 300 2663 en
322 2636 429 2673 1555.
453 2628 483 2664 Il
502 2630 675 2676 professa
693 2631 714 2666 a
731 2632 853 2667 Rome
872 2633 929 2667 les
948 2631 1272 2679 mathematiques
1291 2632 1461 2678 pendant
1488 2631 1598 2677 vingt
1616 2643 1698 2674 ans,
1719 2642 1815 2665 avec
1844 2632 1879 2665 le

248 2688 335 2733 plus
352 2688 476 2733 grand
494 2690 612 2726 eolat.
636 2690 715 2726 Son
733 2702 822 2726 nom
841 2696 902 2727 est
919 2693 1073 2726 attache
1093 2703 1190 2738 pour
1208 2691 1382 2738 toujours
1400 2691 1421 2726 a
1439 2693 1475 2726 13
1494 2691 1660 2726 reforme
1684 2690 1735 2725 du
1754 2691 1880 2725 calen-

245 2746 350 2782 drier
369 2747 605 2793 Gregorien.
628 2750 659 2784 Il
679 2755 834 2785 mourut
851 2751 872 2786 3
891 2751 1028 2794 Rome,
1048 2752 1085 2786 le
1102 2751 1124 2785 6
1143 2750 1288 2786 sevrier
1308 2751 1413 2796 1612,
1434 2751 1593 2786 laissant
1611 2752 1646 2785 la
1660 2749 1881 2796 reputation

244 2805 298 2840 du
322 2807 408 2852 plus
430 2807 555 2852 grand
581 2805 896 2844 mathematicien
919 2809 967 2845 de
992 2821 1062 2844 son
1089 2810 1319 2856 temps.-Il
1339 2810 1470 2856 publia
1495 2821 1545 2844 un
1569 2808 1692 2854 grand
1718 2809 1880 2843 nombre

245 2864 494 2911 d’ouvrages,
513 2866 608 2901 dont
625 2878 674 2902 on
685 2873 875 2918 ‘trouvera
893 2870 928 2904 la
947 2869 1035 2904 liste
1053 2869 1149 2904 dans
1170 2880 1231 2903 ma
1250 2869 1523 2914 Bibliothaque
1550 2869 1596 2903 de
1616 2868 1656 2902 la
1679 2866 1726 2902 C.
1754 2868 1801 2901 de
1817 2866 1879 2914 ].,

243 2929 273 2959 t.
293 2924 325 2968 Ι,
350 2926 430 2960 col.
456 2933 704 2971 1212-1224.»
723 2926 1054 2973 SOMMERVOGEL,
1074 2930 1145 2963 loc.
1166 2928 1258 2972 cit.‚
1278 2940 1366 2975 pag.
1386 2940 1454 2964 xv.

317 2986 332 3005 ⁴
382 2997 399 3018 «
415 2985 607 3020 Vrbanus.
629 2985 742 3021 C'est
759 2988 1054 3033 probablement
1072 2988 1220 3024 Vrbain
1238 2988 1429 3032 Ziffelius,
1450 2990 1558 3022 entre
1579 2998 1626 3021 au
1645 2985 1816 3021 noviciat
1829 2984 1879 3019 de

248 3042 401 3078 Vienne
419 3055 468 3079 en
491 3053 626 3090 1554.»
647 3045 978 3093 SOMMERVOGEL,
998 3048 1072 3083 loc.
1091 3047 1176 3094 cit.‚
1195 3059 1284 3094 pag.
1300 3057 1369 3082 XV.
1386 3047 1486 3082 Vide
1502 3046 1620 3081 etiam
1634 3044 1818 3092 append,
1837 3044 1875 3079 Ι.

322 3106 336 3125 ⁵
385 3103 635 3139 Theobaldus
654 3104 759 3140 Stoz.
781 3104 881 3141 Vide
899 3106 1018 3152 epist.
1044 3107 1126 3151 2'81,
1146 3119 1187 3142 n.
1217 3115 1271 3151 143
1292 3113 1331 3142 et
1349 3105 1434 3151 320,
1454 3119 1497 3142 n.
1525 3114 1580 3141 10.
