2196 3522
312 296 356 323 ιο
876 284 919 320 Ρ.
948 283 1136 320 NATAms
1161 283 1382 318 EPHEMER.

310 392 373 434 M.
405 388 638 433 Canisium
668 388 865 442 Pragam
896 385 954 428 ad
985 384 1231 440 parandam
1269 383 1390 427 illius
1427 384 1611 441 collegii
1641 384 1953 430 fundationem

305 479 413 510 cum
436 452 576 510 literis
598 466 634 508 F
637 461 872 508 erdinandi
895 461 1032 519 regis:
1058 461 1180 505 vnde
1202 476 1282 517 per
1305 463 1367 505 M.
1390 461 1625 506 Canisium
1643 469 1751 507 sunt
1767 463 1953 507 adducti

307 545 368 587 ad
405 543 677 587 Societatem
722 554 773 584 10
812 538 984 591 boemi,
1015 545 1062 583 et
1088 539 1146 583 de
1173 538 1368 596 collegio
1402 539 1634 596 pragensi
1654 546 1949 584 transactum.

307 619 671 664 Constitutiones
692 617 899 662 Viennae
920 615 1243 673 promulgauit.
1274 615 1397 659 Hinc
1424 615 1664 661 discedens
1692 617 1954 662 conciliauit

313 701 365 742 P.
392 696 567 754 Ignatio
590 699 651 740 M.
674 695 921 741 Simonem.
947 692 1165 738 Visitauit
1187 693 1384 750 collegia
1405 693 1557 737 omnia
1579 694 1750 748 Italiae,
1776 702 1954 754 praeter

308 777 611 828 lauretanum,
642 786 696 816 ac
724 770 977 829 publicauit
1005 770 1373 814 constitutiones.
1401 771 1482 815 38
1509 771 1630 816 Dein
1658 786 1816 815 rursus
1843 771 1953 816 mis-

311 867 388 896 sus
410 857 480 895 est
501 850 548 894 in
576 849 845 907 Hispaniam
874 863 1031 892 mense
1060 847 1319 901 Decembri,
1345 855 1395 891 vt
1423 848 1603 892 iuuaret
1630 848 1677 892 in
1705 848 1956 910 ministerio

313 932 366 973 Ρ.
393 928 703 980 Franciscum,
729 934 867 983 atque
888 925 1193 983 prouisionem
1219 925 1392 969 romani
1414 926 1593 984 collegij
1619 926 1799 970 rursum
1821 941 1957 971 cura-

314 1013 382 1050 ret
403 1005 746 1062 expediendam:
773 1003 859 1046 fuit
881 1003 926 1047 in
950 1002 1172 1059 Hispania
1200 1018 1228 1060 9
1256 1017 1451 1047 menses:
1477 1003 1614 1047 missa
1635 1010 1744 1047 sunt
1765 1005 1955 1048 Romam

316 1084 432 1126 6800
454 1082 580 1126 aurei
600 1080 871 1125 auctoritate
891 1083 942 1124 P.
965 1079 1211 1123 Francisci.
1234 1079 1431 1125 Mittitur
1450 1083 1503 1124 P.
1530 1080 1847 1138 Ribadeneyra
1873 1082 1883 1103 ¹
1907 1080 1956 1125 in

314 1161 462 1204 aulam
487 1158 683 1215 Philippi
704 1157 827 1215 regis
850 1156 1077 1210 catholici,
1102 1157 1180 1200 vbi
1204 1157 1289 1200 fu'it
1312 1172 1482 1201 annum
1507 1158 1614 1202 fere.
1637 1157 1882 1215 Transegit
1898 1158 1957 1202 de

312 1236 496 1282 licentia
518 1235 738 1279 fundandi
756 1234 977 1291 collegia
966 1250 1012 1277 1n
1030 1235 1257 1287 Flandria,
1278 1241 1324 1279 et
1340 1235 1674 1292 eleemosynam
1691 1234 1853 1279 habuit
1869 1235 1957 1279 600

308 1329 554 1359 aureorum
570 1328 651 1370 pro
668 1312 860 1369 collegio
878 1313 1116 1369 ro[mano],
1136 1312 1213 1355 vbi
1230 1328 1256 1354 v
1261 1318 1438 1356 ersatur
1453 1326 1558 1355 cum
1575 1313 1696 1356 bono
1714 1312 1957 1358 Societatis
1994 1314 2003 1323 '

310 1393 467 1435 odore.
492 1390 806 1447 Designantur
828 1389 1097 1433 auctoritate
1119 1388 1368 1446 apostolica
1395 1388 1598 1446 episcopi
1629 1392 1682 1434 P.
1707 1389 1890 1434 Nunius
1911 1396 1958 1433 et

315 1472 368 1513 P.
392 1469 584 1513 Ouedus
602 1474 648 1510 et
668 1469 718 1510 P.
741 1467 986 1510 Carnerius
1003 1467 1018 1487 ²
1038 1468 1267 1521 absentes,
1293 1467 1428 1524 pleno
1449 1467 1744 1511 cardinalium
1763 1481 1957 1511 consen-

314 1561 384 1599 su,
411 1560 464 1589 ac
486 1559 654 1602 magna
676 1544 777 1589 aedi
804 1544 810 1602 Ι
838 1544 1065 1597 ficatione,
1091 1545 1213 1601 quod
1237 1542 1443 1590 Societas
1464 1544 1651 1601 recipiat
1669 1544 1958 1602 episcopatus

313 1623 391 1667 vbi
428 1624 575 1667 solum
612 1629 681 1666 est
718 1637 832 1679 opus
869 1624 1062 1677 bonum,
1093 1637 1186 1666 non
1224 1622 1360 1667 etiam
1397 1623 1543 1666 honor
1575 1622 1647 1666 vel
1684 1629 1950 1679 prouentus.

318 1703 371 1745 P.
404 1699 649 1744 Carnerius
677 1713 780 1742 cum
811 1699 910 1755 alijs
939 1699 984 1742 in
1013 1700 1184 1743 Indiam
1212 1699 1417 1759 [pergit],
1448 1707 1498 1744 vt
1525 1699 1649 1743 illinc
1676 1699 1762 1744 iter
1790 1700 1957 1745 habeat

311 1778 360 1820 in
384 1776 671 1833 Ethyopiam;
692 1784 927 1829 remanent
950 1779 1002 1820 P.
1030 1777 1211 1821 Nunius
1234 1784 1280 1822 et
1304 1779 1357 1821 P.
1379 1778 1588 1831 Ouedus,
1614 1783 1660 1821 et
1682 1791 1956 1822 consecran-

311 1862 388 1898 tur
406 1853 620 1911 episcopi.
644 1853 840 1898 Mittitur
857 1869 883 1897 a
899 1868 1075 1898 summo
1093 1853 1309 1910 pontifice
1323 1857 1386 1899 M.
1406 1855 1644 1900 Salmeron
1657 1854 1705 1898 in
1720 1853 1956 1899 Poloniam

308 1934 416 1975 cum
438 1930 608 1974 nuncio
623 1931 888 1987 apostolico,
909 1931 1121 1988 episcopo
1138 1932 1396 1976 veronensi:
1423 1931 1555 1977 redit.
1578 1932 1651 1976 Fit
1667 1930 1959 1989 prouincialis

308 2007 586 2052 Germaniae
624 2010 676 2051 P.
719 2007 947 2051 CanisiuS.
989 2008 1166 2052 Emittit
1199 2009 1527 2065 professionem
1558 2011 1611 2053 P.
1650 2009 1960 2065 Hieronymus

309 2087 637 2129 Domenechus
660 2086 693 2138 ³,
719 2092 766 2128 et
788 2084 982 2128 mittitur
1004 2086 1297 2142 prouincialis
1319 2086 1366 2130 in
1388 2086 1604 2132 Siciliam.

415 2204 496 2247 39
779 2199 783 2201 “
1072 2211 1216 2258 [15]56

407 2318 444 2360 F
450 2316 668 2360 undatum
691 2316 934 2373 collegium
953 2317 1332 2374 inglostadiense.
1358 2326 1542 2389 apertae
1571 2320 1753 2363 scholae
1783 2319 1961 2364 theolo-

325 2393 445 2451 giae,
471 2400 517 2438 et
539 2393 555 2414 ⁴
1021 2396 1056 2438 F
1061 2397 1281 2440 undatum
1298 2400 1524 2454 pragense
1541 2396 1800 2454 collegium3
1814 2398 1961 2440 scho-

309 2486 364 2515 ae
401 2470 451 2513 in
483 2470 721 2527 theologia
755 2485 806 2514 ac
838 2471 979 2516 literis
1012 2473 1357 2518 humanioribus
1396 2481 1595 2531 apertae;
1628 2463 1961 2518 concionantur

313 2547 472 2591 nostri.
498 2549 767 2591 Inchoatum
789 2548 1031 2605 collegium
1054 2563 1264 2595 senense·
1291 2551 1458 2594 docent
1479 2549 1795 2594 nostrilatine.
1818 2551 1960 2595 Colo-

312 2616 471 2669 niense
492 2623 735 2681 collegium
758 2631 959 2678 auctum,
991 2625 1140 2669 missis
1170 2627 1503 2683 professoribus
1531 2627 1788 2685 theologiae
1817 2634 1955 2684 atque

390 2806 399 2824 ¹
451 2803 525 2838 Ms.
533 2802 807 2859 ,Ribaneyra.

382 2863 396 2884 ²
446 2861 570 2897 Nadal
595 2862 806 2909 scripserat
833 2851 1068 2904 camelius,
1096 2863 1166 2899 sed
1191 2864 1326 2922 ignota
1352 2875 1490 2900 manus
1523 2842 1751 2900 emendavit
1779 2863 1960 2902 scribens

314 2920 557 2957 Carnarius.
770 2934 775 2937 ·
798 2954 800 2957 .
896 2933 902 2939 ‘

382 2981 398 3001 ³
447 2980 538 3025 Ms.,
555 2950 798 3016 Domechus.

380 3038 397 3059 ⁴
444 3038 510 3075 Sic
527 3051 647 3075 sensu
664 3039 877 3086 inexpleto:
905 3039 1073 3086 spatium
1098 3041 1152 3076 ibi
1178 3041 1359 3077 relictum
1383 3052 1452 3089 pro
1478 3041 1631 3078 duobus
1655 3042 1834 3079 versibus
1861 3043 1943 3078 scri

312 3097 470 3134 bendis.
1591 3111 1593 3115 ·
