2196 3522
1043 257 1134 296 Ι555
1862 245 1908 292 35

265 355 481 399 dixerunt
496 353 616 399 inter
631 368 696 398 se:
726 353 1085 411 «suspendamus
1099 354 1185 396 hos
1206 351 1420 409 papistas.
1433 368 1451 391 »
1472 350 1734 395 Periculum
1750 350 1861 393 Ione
1882 364 1908 392 a

268 430 556 475 trahentibus
572 430 727 474 nauim
743 445 825 487 per
839 429 1120 475 Danubium.
1143 427 1458 473 P'assauiensis
1483 429 1494 450 ¹
1519 427 1761 485 episcopus
1775 425 1908 470 beni-

269 523 363 566 gne
378 523 463 552 nos
479 507 671 564 accepit:
693 507 878 551 uocauit
893 522 967 552 me
982 507 1041 550 ad
1061 504 1111 566 [?]
1134 507 1149 528 ²
1170 505 1254 550 48
1269 520 1489 549 mensam:
1515 504 1652 549 soluit
1669 519 1786 561 quae
1802 504 1908 547 data

268 585 402 630 nobis
423 585 609 629 fuerunt
628 584 676 628 in
698 583 909 641 hospitio:
934 583 1061 629 dedit
1081 583 1214 627 nobis
1235 583 1444 639 cymbam
1467 589 1514 628 et
1535 583 1662 639 quod
1689 588 1811 627 esset
1838 587 1908 625 sat

268 662 401 707 nobis
422 661 512 706 cibi
533 659 585 706 et'
599 669 736 719 potus
758 661 986 707 Viennam
1006 675 1154 716 vsque
1176 661 1208 704 ⁵.

358 782 442 826 5⁰
967 781 1194 824 VIENNAE

355 893 445 938 Hic
473 900 570 939 erat
597 900 748 938 rector
775 894 828 936 P.
861 891 1078 944 Lanoius,
1110 890 1404 934 concionator
1427 892 1481 934 P.
1514 890 1743 943 Canisius,
1774 891 1906 935 doce-

262 974 342 1017 bat
366 974 418 1015 P.
444 971 715 1024 Gaudanus,
740 969 926 1015 Martini
947 967 1191 1013 conciones
1213 975 1343 1012 erant
1365 968 1537 1012 caesari
1559 975 1789 1024 acceptae.
1823 967 1906 1012 Vi—

264 1048 415 1100 sitaui‚
456 1055 544 1093 etc.
586 1045 942 1092 Emendauimus
978 1045 1149 1102 Canisij
1179 1044 1530 1098 catechismum,
1572 1045 1694 1101 quod
1726 1052 1773 1089 et
1809 1052 1905 1090 erat

265 1140 523 1180 necessum,
548 1131 594 1170 et
615 1124 852 1169 commode
872 1123 1026 1176 cessit,
1057 1138 1162 1167 nam
1192 1121 1563 1168 suivemendatio
1593 1122 1783 1181 probata
1809 1123 1904 1167 Lo-

265 1202 406 1259 uanij,
432 1210 520 1248 etc.
547 1202 693 1252 Multa
713 1207 822 1245 sunt
842 1199 918 1244 hic
939 1200 1162 1253 ordinata,
1187 1215 1293 1244 nam
1322 1206 1452 1245 erant
1474 1199 1550 1243 illa
1572 1206 1749 1250 tantum
1779 1198 1903 1256 prin-

265 1280 397 1337 cipia.
437 1279 561 1324 Duxi
598 1292 778 1323 mecum
800 1279 993 1322 Romam
1032 1280 1095 1322 M.
1136 1277 1432 1323 Lambertum
1469 1284 1515 1322 et
1556 1274 1900 1337 Ambro[sium],

287 1357 294 1416 Ι
321 1357 447 1401 illum
469 1357 528 1401 ad
548 1356 715 1409 studia,
740 1358 864 1399 hunc
884 1362 935 1399 vt
955 1355 1227 1400 rescriberet
1249 1357 1303 1399 P.
1329 1354 1498 1411 Laynis
1521 1353 1704 1410 scripta.

346 1435 398 1478 In
418 1433 581 1479 itinere
602 1432 864 1478 audiuimus
885 1440 1090 1478 creatum
1113 1447 1277 1490 papam
1300 1432 1495 1476 Paulum
1517 1443 1645 1486 411111.

328 1548 330 1550 .
348 1510 511 1556 Villaci
533 1510 778 1555 Ambrosio
799 1510 1014 1556 dixerunt
1034 1509 1219 1566 quidam
1240 1509 1481 1555 haeretici:
1506 1523 1689 1553 «omnes
1712 1508 1902 1553 iesuitae

258 1588 593 1634 interficiemini
615 1603 706 1632 vno
728 1587 802 1632 die
822 1595 873 1630 vt
896 1587 1163 1645 templarij.»

348 1665 528 1722 Reliqui
565 1667 720 1710 Ionam
748 1665 796 1708 in
832 1667 918 1709 hoc
946 1665 1164 1722 collegio,
1195 1664 1274 1721 qui
1302 1671 1460 1722 postea
1490 1666 1643 1722 Praga
1670 1663 1895 1709 discessit.

230 1800 237 1801 ἶ
261 1745 430 1788 Postea
450 1757 632 1787 rursum
653 1749 842 1800 precatu
864 1750 1076 1799 receptus
1098 1744 1285 1795 Romae,
1315 1743 1437 1787 vnde
1458 1741 1625 1786 missus
1654 1740 1896 1795 Treuirim,

259 1819 367 1866 inde
388 1835 547 1865 rursus
569 1819 696 1877 abijt,
723 1821 902 1863 solutus
924 1819 1058 1878 votis:
1083 1827 1180 1864 erat
1209 1818 1503 1863 concionator
1525 1818 1734 1864 electoris
1763 1817 1900 1862 treui-

260 1897 406 1943 tensis
443 1911 548 1941 cum
585 1897 649 1940 illi
681 1896 756 1940 illa
793 1897 809 1918 ⁴
848 1896 1061 1941 atrocitas
1095 1896 1259 1940 accidit
1296 1898 1327 1940 ⁵.
1366 1897 1476 1942 Inde
1509 1897 1575 1940 51
1611 1907 1681 1952 3.0
1706 1897 1896 1940 Romam

258 1989 400 2031 quum
422 1974 623 2019 venisset
644 1974 851 2031 supplex,
877 1989 970 2018 non
992 1973 1078 2018 fuit
1100 1973 1338 2018 admissus.
1369 1973 1376 2032 Ι

971 2095 1181 2138 BASSAM

322 2208 411 2252 .Eo
431 2206 538 2250 veni
558 2221 660 2251 mea
681 2213 859 2263 sponte,
883 2212 934 2248 vt
962 2205 1251 2251 conciliarem
1275 2208 1328 2250 P.
1353 2206 1583 2252 Simonem
1608 2207 1660 2250 P.
1693 2205 1890 2262 Ignatio.

254 2283 343 2342 Egi
364 2298 468 2328 cum
490 2284 582 2336 illo,
607 2283 785 2341 repperi
808 2282 1120 2328 dificultatem:
1146 2297 1239 2327 non
1260 2291 1331 2328 sat
1347 2283 1457 2327 mihi
1473 2283 1660 2341 placuit3
1681 2284 1761 2327 sed
1778 2297 1894 2327 non-

256 2360 368 2406 nihil
389 2361 577 2407 videbar
597 2361 844 2418 profecisse
866 2363 898 2404 ⁶.

330 2535 341 2555 ¹
392 2533 483 2580 Ms.,
502 2535 776 2570 Patauiensis.

325 2594 340 2614 ²
390 2593 500 2628 Haec
517 2592 594 2628 duo
611 2594 732 2628 verba
748 2593 974 2629 obscuriora
992 2593 1068 2629 alia
1085 2605 1203 2630 manu
1226 2593 1326 2630 infra
1343 2605 1502 2630 versum
1522 2593 1654 2629 addita
1672 2597 1776 2628 sunt.

325 2651 340 2672 ¹
390 2650 454 2686 Nil
472 2651 660 2698 scriptum
677 2657 739 2688 est
756 2651 797 2688 in
813 2652 881 2688 fol.
900 2653 947 2699 48
965 2666 1004 2690 v.
1031 2654 1202 2689 Tantum
1219 2653 1415 2700 signatum
1434 2664 1596 2689 numero
1613 2663 1660 2698 49
1678 2650 1820 2694 fuerat,
1839 2661 1889 2685 ex

251 2707 397 2755 errore3
417 2709 487 2746 sed
504 2710 596 2746 dein
612 2710 679 2746 ille
696 2723 883 2748 numerus
900 2714 1140 2749 cancellatus
1158 2712 1247 2758 fuit;
1266 2712 1433 2760 ideoque
1452 2723 1621 2760 sequens
1639 2710 1707 2746 fol.
1728 2721 1806 2746 non
1819 2721 1888 2745 nu-

178 2791 181 2794 »
251 2781 403 2805 merum
419 2779 467 2815 49
483 2769 554 2805 sed
571 2763 618 2814 ‘50
634 2770 767 2806 habet.

322 2830 339 2863 ⁴,
387 2829 478 2873 Ms„
494 2828 615 2864 illud.

322 2890 337 2911 ⁵
386 2888 454 2924 Bis
483 2886 635 2923 scilieet
663 2893 829 2925 mortem
859 2890 935 2926 sibi
964 2892 1210 2928 consciscere
1242 2892 1431 2939 tentavit,
1463 2896 1506 2926 ut
1534 2889 1655 2926 refert
1684 2889 1889 2924 REIFFEN-

250 2956 377 2994 BERG,
394 2947 503 2982 Hist.
525 2946 610 2982 Soc.
620 2945 666 2993 J.
684 2947 738 2982 ad
750 2948 936 2985 Rhenum
953 2950 1210 2997 inferio-rem,
1229 2951 1262 2998 1,
1281 2950 1341 2997 85,
1360 2950 1419 2986 86.
1440 2949 1541 2985 Vide
1559 2947 1677 2984 etiam
1700 2947 1889 2982 BRAUNS-

251 3015 436 3053 BERGER,
458 3005 618 3042 Canisii
633 3006 765 3053 epist„
783 3006 836 3053 11,
853 3008 916 3055 61,
935 3015 1068 3046 annot.
1088 3009 1124 3046 3.

326 3067 341 3088 θ
392 3066 480 3101 Fol.
505 3073 550 3110 52
567 3077 599 3101 r.
619 3076 785 3100 vacuum
808 3068 990 3105 relictum
1009 3075 1085 3106 est.
