2196 3522
283 259 356 295 282
848 257 988 292 EP1sT.
1014 255 1059 291 P.
1089 253 1283 292 NADAL-
1290 263 1359 302 277

1050 445 1163 486 7222

749 535 793 570 P.
821 533 1064 582 JOANNES
1091 535 1160 571 DE
1185 534 1438 573 POLANCO

926 629 974 654 ex
1000 618 1276 655 commissione

537 705 783 747 PATRI
836 704 1338 748 HIERONYMO
1390 705 1671 749 NADAL

803 806 1025 843 TRIDENTI,
1057 797 1099 833 18
1121 807 1214 842 MAJ1
1243 797 1334 843 1563
1361 799 1392 834 ¹.

274 894 310 919 ι.
334 884 391 919 De
409 882 576 931 collegio
586 881 861 930 friburgensi,
881 884 918 917 et
935 883 982 917 de
1000 882 1182 917 domibus
1199 882 1469 929 probationis.
1483 891 1564 918 —2.
1592 882 1812 931 Catalogus
1828 884 1921 919 mit·

347 944 560 979 tendorum
580 943 623 977 in
646 941 930 978 Germaniam:
947 942 995 976 P.
1013 942 1210 988 Perpifla:
1217 941 1360 988 frater
1375 942 1581 977 Ramos.-
1590 952 1629 988 3.
1652 943 1710 979 De
1725 943 1812 978 ΡΡ.
1830 943 1920 990 Sey-

344 1004 421 1045 del,
443 1002 709 1038 Stevordiano
732 1005 769 1038 et
797 1001 972 1049 Georgio
999 1002 1344 1046 Schorichio.—4.
1378 1000 1604 1049 Collegium
1627 1014 1918 1038 romanum.--

345 1074 384 1107 ς.
412 1063 525 1098 Petri
543 1063 589 1098 de
610 1062 702 1097 Soto
719 1062 861 1097 obitus:
882 1073 945 1097 res
965 1061 1143 1097 concilii:
1159 1061 1300 1109 inopia
1313 1064 1563 1109 premuntur
1579 1061 1677 1098 socii
1691 1063 1841 1099 Romae
1855 1063 1919 1099 de-

343 1126 491 1170 orentes.
505 1123 580 1158 -ὁ,
603 1122 662 1158 De
682 1122 874 1157 Patribus
892 1121 1128 1168 Halpawem
1146 1121 1285 1168 Seydel
1302 1124 1339 1157 et
1348 1122 1470 1168 saen
1486 1130 1557 1167 7.
1580 1122 1816 1170 Theologiae'
1828 1125 1913 1158 stu-

346 1183 461 1218 dium
497 1181 749 1217 Vindobonae
778 1181 1137 1227 reformandum
1158 1178 1197 1223 8,
1226 1190 1268 1225 9.
1304 1181 1364 1217 De
1390 1182 1443 1217 P.
1483 1182 1675 1217 Victoria:
1699 1182 1747 1217 de
1770 1181 1916 1233 itinere

345 1242 508 1277 Natalis
526 1241 731 1288 Pragam:
750 1241 797 1275 de
823 1241 939 1275 domo
964 1239 1174 1275 societatis
1201 1240 1437 1276 Tirnaviae.
1461 1241 1509 1276 de
1534 1241 1587 1276 P.
1623 1241 1816 1276 Hurtado
1842 1241 1916 1276 Pe

343 1313 426 1338 rez:
456 1301 503 1336 de
537 1299 738 1348 Gregorio
768 1300 909 1335 Fabio.
928 1309 1029 1335 -10.
1066 1300 1229 1347 Scripta
1255 1300 1543 1336 coloniensium
1574 1303 1716 1336 contra
1749 1301 1916 1336 Kemni-

346 1362 462 1404 tium,
484 1363 572 1402 etc„
588 1359 777 1407 generali
794 1360 1042 1407 probantur.

370 1458 405 1488 1.
474 1445 570 1487 Pax
592 1441 717 1500 Xpi.,
744 1450 831 1488 etc.
858 1443 1045 1486 Reciuic')
1067 1444 1125 1487 N.
1154 1445 1206 1487 Ρ.
1233 1458 1340 1499 ayer
1372 1444 1438 1487 las
1460 1444 1517 1486 de
1540 1445 1596 1487 V.
1623 1445 1678 1487 R.
1704 1444 1762 1488 de
1785 1444 1812 1487 6
1833 1458 1862 1500 y
1887 1454 1912 1498 7

267 1523 346 1567 del
370 1522 614 1578 presente³
623 1555 633 1574 ,
658 1525 685 1564 a
704 1522 770 1564 135
792 1522 947 1577 quales
970 1521 1242 1577 respondere
1265 1536 1346 1577 por
1367 1527 1479 1574 esta3
1505 1535 1534 1576 y
1551 1521 1692 1564 delas
1709 1535 1839 1564 60535
1855 1521 1913 1564 (16

274 1614 449 1643 006035
472 1614 519 1643 56
542 1598 730 1642 scriuira
750 1613 833 1655 por
854 1607 952 1641 otra
973 1599 1030 1641 de
1052 1605 1221 1655 aparte.
1248 1597 1498 1643 Scriuirase
1520 1599 1563 1642 al
1581 1599 1633 1642 P.
1655 1597 1840 1642 Canisio
1856 1599 1914 1642 de

272 1677 486 1721 sollicitar
507 1677 549 1720 61
571 1675 764 1732 negocio
785 1677 842 1720 (16
865 1678 899 1719 F
904 1675 1107 1732 riburgo,
1139 1691 1185 1731 y,
1217 1675 1253 1719 si
1276 1677 1515 1721 madurase
1536 1691 1644 1732 para
1671 1677 1713 1719 61
1741 1676 1805 1719 fin
1837 1677 1912 1720 del

268 1769 455 1807 ueram,
482 1768 594 1810 pues
617 1767 778 1810 parece
799 1757 825 1796 3
848 1755 904 1797 V.
932 1755 986 1797 R.
1012 1768 1061 1797 se
1083 1754 1200 1797 (1603
1222 1753 1410 1809 preferir
1431 1754 1475 1796 al
1496 1752 1690 1810 collegio
1713 1754 1770 1797 de
1792 1754 1910 1797 Vra-

267 1830 463 1884 tislauia,
490 1846 539 1875 se
559 1833 685 1884 hara;
710 1845 740 1886 y
757 1845 816 1873 no
833 1846 882 1874 se
899 1831 1066 1874 dexara
1083 1837 1277 1886 tanpoco
1292 1831 1350 1875 de
1365 1834 1446 1874 363
1468 1831 1524 1874 (16
1545 1832 1682 1875 hazer
1703 1831 1746 1875 61
1762 1829 1910 1874 officio

263 1923 357 1952 con
379 1909 421 1953 61
443 1908 654 1951 cardenal
676 1910 836 1952 Moron
860 1909 964 1965 (que
986 1923 1092 1963 ayer
1116 1908 1251 1965 nego)
1275 1923 1382 1964 para
1400 1922 1489 1964 que
1510 1907 1660 1951 scriua
1683 1908 1726 1952 31
1747 1907 1906 1964 obispo

263 1987 324 2029 de
346 1984 634 2039 Vratislauia3
671 2000 700 2041 y
729 1988 809 2037 asi,
844 1985 962 2028 uista
988 1986 1030 2029 13
1059 1992 1199 2042 gente
1230 1999 1318 2041 que
1349 1987 1473 2038 abra,
1498 2000 1529 2042 y
1559 1986 1602 2028 13
1632 1984 1906 2041 disposicion

268 2078 374 2119 para
396 2077 635 2118 comencar
655 2062 723 2106 105
745 2062 904 2105 (1161105
926 2062 1162 2119 collegios,
1186 2077 1236 2106 56
1257 2063 1398 2119 ροᾱτὲι
1420 2062 1607 2119 preferir
1627 2063 1670 2106 61
1698 2076 1790 2106 000
1812 2065 1839 2106 ό
1860 2062 1903 2105 61

262 2147 385 2192 otro,
417 2143 444 2183 ὀ
472 2141 660 2184 dexarse
688 2140 949 2182 entrambos
978 2155 1084 2196 para
1115 2147 1214 2183 otro
1244 2155 1348 2192 ano,
1381 2140 1614 2183 fundando
1645 2143 1743 2183 este
1776 2140 1818 2184 61
1849 2140 1906 2183 (16

268 2216 464 2273 Tilinga,
491 2232 519 2272 y
542 2216 827 2259 fortificando
854 2217 922 2259 los
942 2217 1104 2260 otros⁵
1113 2217 1214 2260 ‚Lo
1237 2217 1310 2260 (161
1337 2230 1553 2273 procurat·
1579 2217 1646 2259 135
1667 2217 1749 2259 (105
1776 2230 1904 2260 63535

263 2294 324 2337 (16
347 2293 549 2337 00016105
571 2307 629 2336 60
651 2307 775 2337 65535
798 2293 1071 2348 prouincias,
1097 2308 1174 2337 563
1195 2308 1253 2337 60
1275 2294 1396 2337 buen
1418 2295 1545 2347 hora,
1565 2307 1654 2350 que
1675 2306 1838 2350 parece
1854 2307 1904 2338 56

260 2372 508 2427 emplearia
529 2371 635 2414 bien
657 2385 714 2414 en
736 2371 844 2413 61135
871 2372 1041 2427 alguna
1062 2379 1191 2415 renta
1212 2370 1534 2416 ecclesiastica.

340 2545 350 2565 ¹
401 2545 460 2579 Ex
478 2543 667 2589 Regesto,
689 2541 785 2578 Cod.
807 2552 850 2588 33
868 2544 927 2588 d),
947 2543 1013 2578 fol.
1038 2551 1094 2589 19.
1113 2544 1159 2579 In
1177 2543 1366 2590 margine:
1386 2544 1468 2579 P.2
1487 2543 1634 2579 Natal.·

338 2604 353 2624 ²
404 2601 505 2637 Vide
523 2601 636 2648 epist.
661 2609 748 2646 275.

337 2663 351 2682 ³
401 2661 582 2698 Canisius
600 2660 751 2707 Lainio,
777 2661 821 2696 23
845 2661 936 2707 Maji
963 2661 1067 2707 1563,
1087 2667 1259 2698 mentem
1283 2673 1394 2698 suam
1411 2661 1460 2697 de
1477 2662 1550 2697 hac
1566 2673 1609 2697 re
1627 2661 1828 2708 aperiebat
1845 2660 1900 2696 ita

260 2721 453 2757 scribens:
474 2720 655 2766 Friburgi
670 2721 744 2755 hoc
761 2731 862 2755 anno
879 2721 1006 2756 extrui
1024 2721 1234 2767 collegium
1251 2733 1328 2757 non
1347 2721 1502 2768 poterit.
1513 2720 1788 2757 Wratislauiae
1806 2719 1900 2767 quid

267 2780 349 2815 fieri
367 2780 506 2827 possit,
524 2780 669 2816 rectius
687 2778 959 2824 indicaremus,
979 2780 1013 2816 si
1030 2781 1077 2816 P.
1103 2780 1254 2816 Natalis
1272 2793 1293 2817 e
1312 2781 1438 2827 Praga
1454 2781 1521 2817 illo
1540 2793 1583 2816 se
1600 2780 1815 2816 conferret:
1834 2791 1898 2815 res

265 2838 380 2874 ualde
398 2840 583 2886 perplexa
601 2844 641 2874 et
658 2850 747 2874 cum
763 2837 987 2874 discrimine
1004 2839 1210 2875 coniuncta
1233 2838 1328 2875 mihi
1345 2839 1520 2886 videtur,
1539 2840 1612 2876 hoe
1635 2850 1736 2875 anno
1754 2840 1897 2875 multOs

264 2897 357 2933 illuc
375 2898 544 2934 mittere:
566 2898 660 2933 satis
678 2902 783 2933 esset
800 2896 964 2933 fortasse
982 2910 1254 2945 praecursores
1272 2910 1342 2946 per
1357 2900 1540 2945 hyemem
1553 2898 1707 2945 adesse,
1725 2910 1775 2934 ne
1793 2897 1896 2934 idem

263 2957 479 3003 contingat,
498 2957 602 3005 quod
618 2956 825 2993 Tirnauiae
843 2956 998 3002 accidit,
1017 2958 1085 2993 ubi
1103 2957 1273 3005 alioquin
1287 2958 1478 2994 catholica
1492 2963 1552 2994 est
1565 2957 1799 3004 respublica.
1817 2957 1897 2993 Sed

260 3018 415 3052 saluum
434 3018 483 3053 sit
502 3018 664 3053 aliorum
677 3015 830 3063 quoque
844 3016 1068 3052 iudicium.»
1083 3018 1128 3052 In
1142 3017 1332 3064 margine,
1345 3018 1503 3054 Polanci
1517 3029 1646 3053 manu:
1666 3019 1816 3053 verdse.
1836 3017 1895 3052 Ex

259 3078 516 3123 autographo,
537 3077 577 3112 in
594 3076 727 3124 Epist.
755 3074 926 3118 canisii,
946 3076 978 3121 Ι,
1001 3076 1066 3111 118
1085 3075 1167 3120 (301
1190 3079 1243 3121 v).
