2196 3522
120 32 122 34 v
241 33 253 40 ,

883 259 928 296 25
953 250 1203 285 DEcmfflms
1230 246 1323 293 1563
1850 247 1920 294 481

282 367 398 399 seno
417 353 515 398 dire
535 352 621 396 alla
643 353 739 397 Sua
761 350 870 397 Μ.ῑὲ
894 352 980 395 che
999 349 1060 395 lei
1079 351 1138 393 ha
1159 332 1400 406 promesso
1414 355 1543 393 tanto
1560 356 1607 395 et
1624 355 1751 394 tanto
1765 363 1846 407 per
1863 361 1921 405 70

285 444 476 488 persone
512 436 626 484 etc.;
664 430 774 486 pero
810 428 851 473 ci
887 443 996 485 pare
1032 441 1092 470 vn
1127 441 1234 471 caso
1259 433 1430 471 venuto
1462 428 1519 470 al'
1549 425 1819 484 improuista
1846 427 1922 472 nel

280 507 419 564 quale
433 504 691 563 periculum
712 507 893 550 videtur
913 519 1009 548 esse
1026 506 1076 548 in
1092 519 1239 547 mora.
1261 504 1398 549 Onde
1415 505 1535 549 forse
1551 505 1711 547 saltem
1727 504 1922 549 domane

282 585 458 629 faremo
474 585 666 640 qualche
682 598 788 627 cosa
804 597 891 626 con
912 582 944 625 il
965 583 1036 627 Sr.
1059 581 1256 625 Buchler
1276 595 1355 637 per
1377 580 1601 634 intendet,
1622 595 1753 626 corne
1769 594 1921 625 secre-

281 669 501 716 tamente,
525 663 612 705 che
632 659 806 706 seruitii
826 659 865 704 si
886 659 1172 703 domandano
1194 672 1274 714 per
1295 664 1457 714 questo
1478 657 1717 711 beneficio,
1737 658 1854 703 oltra
1875 658 1922 702 di

279 739 423 796 ‘quelli
445 740 531 784 che
553 737 764 782 faciamo.
794 736 998 781 Definire
1019 742 1181 792 questo
1202 749 1294 778 non
1316 741 1446 778 tocca
1467 734 1513 778 ni
1536 750 1561 778 a
1584 735 1799 788 Vittoria,
1826 735 1873 779 ni
1894 750 1921 780 a

282 816 360 860 noi
396 815 514 870 altri,
553 829 696 859 senon
730 815 980 862 solamente
1015 813 1057 856 al
1088 812 1322 869 generale.
1369 813 1558 868 Quanto
1591 812 1677 855 alle
1708 827 1916 869 persone,

278 900 453 950 quante
474 892 512 937 si
534 892 855 936 douerebbono
877 889 1154 947 specificare,
1179 889 1316 933 credo
1337 890 1422 933 che
1443 889 1487 932 13
1510 889 1743 933 Paternita
1765 890 1860 934 Sua
1881 890 1919 933 si

282 969 604 1015 rimetterebbe
625 983 652 1013 a
673 967 810 1024 quelli
830 968 918 1012 che
938 981 1050 1010 sono
1071 965 1269 1023 presenti
1296 965 1389 1022 qui.
1416 967 1474 1009 Et
1494 965 1556 1008 mi
1578 979 1687 1022 pare
1707 967 1793 1011 che
1814 981 1918 1023 pre-

280 1054 354 1091 sto
376 1047 413 1091 si
434 1047 582 1092 debbe
604 1052 791 1090 trattare
811 1043 858 1088 di
888 1051 1049 1100 questo
1075 1051 1220 1100 punto
1242 1030 1504 1099 principale,
1529 1042 1629 1087 cioe
1649 1042 1756 1088 delli
1783 1043 1918 1087 officii

278 1126 369 1169 che
389 1124 608 1182 pretende
627 1123 672 1166 13
693 1121 800 1166 Μ.ῒὲ
813 1156 824 1176 ,
849 1136 930 1178 per
950 1121 1167 1165 informat
1188 1119 1356 1176 meglio
1377 1120 1435 1164 de
1455 1119 1526 1164 cio
1548 1121 1590 1164 31
1607 1121 1669 1164 Ν.
1699 1122 1756 1164 P.
1788 1127 1835 1164 et
1852 1121 1918 1164 le-

280 1215 394 1247 uare
415 1202 457 1246 le
477 1200 704 1257 replicche
725 1199 833 1243 hinc
853 1199 960 1242 inde
980 1205 1026 1243 et
1048 1198 1079 1240 il
1100 1198 1240 1254 longo
1261 1211 1522 1254 progresso.

372 1292 419 1334 4.
490 1276 748 1330 Domafina,
774 1277 992 1334 piacendo
1013 1275 1056 1319 31
1076 1274 1288 1332 Signore,
1308 1274 1345 1318 si
1362 1274 1667 1318 rinouaranno
1688 1274 1719 1317 li
1741 1274 1852 1329 voti;
1871 1282 1918 1319 et

279 1357 402 1413 dopo
424 1356 616 1399 domane
637 1369 724 1398 con
747 1354 902 1398 Pietro
921 1353 1134 1396 bollando
1155 1366 1243 1397 me·
1250 1351 1419 1408 partiro
1439 1366 1521 1408 per
1542 1351 1772 1404 Tirnauia,
1798 1348 1917 1396 done

283 1433 313 1477 il
333 1432 502 1477 vicario
524 1440 570 1476 et
590 1433 735 1475 anche
755 1432 787 1474 1'
811 1431 1137 1475 archiuescouo
1153 1428 1483 1473 comminciano
1505 1444 1531 1471 a
1553 1428 1865 1486 perseguitare
1887 1429 1916 1471 li

283 1510 441 1564 nostri,
465 1510 659 1553 volendo
675 1511 759 1554 che
775 1508 807 1551 li
823 1509 891 1552 lor
906 1506 1120 1564 discepoli
1138 1505 1372 1563 venghino
1386 1507 1430 1550 al
1445 1521 1653 1563 vespero,
1673 1505 1912 1560 matutino,

276 1596 327 1632 et
349 1588 435 1632 alla
455 1601 604 1630 messa
625 1592 825 1638 cantata,
851 1586 1011 1630 saltem
1031 1585 1074 1628 le
1098 1584 1226 1630 feste.

240 1716 243 1717 ⁷
374 1675 419 1721 5.
491 1664 633 1708 Molto
669 1663 711 1707 ci
739 1663 880 1707 siamo
909 1660 1140 1719 rallegrati
1166 1661 1374 1704 vedendo
1407 1662 1417 1682 ¹
1447 1660 1592 1718 hoggi
1620 1667 1745 1703 tanta
1776 1668 1915 1717 gente

282 1740 630 1787 communicarsi
666 1740 713 1783 in
748 1746 868 1785 tutte
894 1728 940 1783 le·
974 1753 1121 1783 messe
1158 1738 1232 1782 del
1268 1738 1382 1781 altar
1417 1737 1665 1794 maggiore,
1697 1743 1743 1782 et
1770 1738 1915 1782 anche

283 1826 410 1864 tanta
445 1817 700 1874 frequentia
735 1818 855 1862 nella
889 1816 1071 1874 predica
1106 1822 1152 1859 et
1188 1814 1295 1859 nelli
1331 1814 1433 1859 altri
1464 1814 1599 1858 officii
1626 1813 1770 1857 diuini
1797 1814 1915 1859 della

282 1897 436 1941 chiesa
457 1903 626 1949 nostra3
649 1895 764 1938 oltra
785 1894 903 1938 della
924 1893 1099 1951 grande
1126 1891 1434 1946 multitudine,
1458 1892 1497 1935 si
1523 1892 1639 1936 vede
1665 1890 1794 1947 quasi
1822 1892 1838 1912 ²
1867 1891 1915 1935 in

282 1973 388 2018 tutti
410 1988 499 2016 vna
519 1971 763 2017 deuotione
793 1978 839 2016 et
865 1970 1111 2015 riuerentia
1133 1969 1380 2026 singulare,
1412 1977 1458 2014 et
1489 1968 1672 2013 alehuni
1699 1968 1839 2026 legati
1868 1975 1914 2012 et

279 2048 644 2109 gentilhuomini,
670 2048 1042 2106 principalmente
1062 2036 1180 2091 della
1202 2053 1346 2099 corte,
1371 2046 1522 2090 danno
1544 2047 1669 2090 buon
1691 2045 1914 2102 essempio

274 2127 353 2172 alli
373 2126 604 2171 communi
625 2125 826 2171 citadini.
851 2124 976 2169 Iddio
993 2124 1059 2167 sia
1076 2124 1248 2167 lodato.
1277 2123 1405 2167 Tutti
1422 2137 1509 2167 con
1528 2130 1648 2166 tutto
1665 2122 1696 2165 il
1713 2137 1851 2166 cuore
1872 2122 1914 2166 ci

278 2203 715 2250 raccommandiamo
735 2203 822 2246 alla
843 2204 898 2246 R.
925 2203 982 2246 V.
1008 2201 1083 2245 alli
1105 2200 1204 2244 suoi
1231 2200 1458 2244 sacrificii.
1491 2200 1550 2244 Di
1573 2199 1768 2253 Vienna,
1802 2215 1829 2244 a
1858 2212 1881 2243 2
1889 2210 1911 2254 5

274 2282 324 2326 di
345 2281 600 2327 Decembre
627 2280 757 2335 1563.
788 2278 847 2323 Di
870 2280 931 2323 V.
964 2280 1022 2322 R.
1055 2292 1190 2321 seruo
1211 2284 1258 2322 et
1278 2276 1450 2334 figliolo
1472 2278 1523 2320 in
1544 2278 1758 2330 Domino,

1135 2373 1384 2417 NICoLAus
1416 2373 1667 2416 LANOYUS.

373 2513 616 2568 Inscriptio
644 2512 694 2554 in
721 2514 888 2567 quarta
908 2510 1107 2567 pagina:
1130 2472 1231 2567 Jffs.
1257 2509 1318 2552 Al
1338 2509 1477 2551 molto
1500 2509 1620 2552 Rdo.
1653 2507 1699 2550 in
1731 2506 1914 2550 Christo

282 2591 431 2635 Padre
451 2589 483 2632 il
500 2592 537 2633 P
549 2624 558 2632 .
584 2589 865 2644 Hieronymo
880 2587 1059 2640 Natale,
1078 2584 1389 2629 commissario
1406 2585 1620 2642 generale
1636 2585 1753 2628 della
1771 2584 1913 2628 Corn-

280 2666 448 2725 pagnia
469 2666 514 2710 di
535 2660 680 2710 Gie'su
700 2664 747 2707 in
769 2663 912 2716 Italia,
935 2664 1054 2707 doue
1075 2661 1113 2705 si
1134 2661 1318 2705 ritroua.
1345 2662 1453 2705 Alia
1475 2676 1632 2704 manu.-
1661 2661 1773 2716 1564
1794 2659 1912 2716 (sic).

277 2744 445 2788 Viena.
478 2745 555 2786 P.e
577 2743 750 2797 Lanoy,
776 2753 801 2784 2
807 2751 829 2795 5
853 2739 899 2782 di
921 2739 1055 2783 X.bre
1078 2738 1235 2781 Manet
1255 2739 1403 2796 sigilli
1422 2739 1686 2794 vestigium.

354 2853 363 2872 ¹
414 2850 503 2891 Ms.‚
523 2848 748 2885 vendendo.

351 2913 365 2931 ²
417 2910 564 2954 Ms.‚q.
