2196 3522
934 260 1153 301 Appianum
1417 256 1425 263 '
1779 259 1851 302 603

225 365 407 411 tendolo
428 366 624 410 anchora
645 381 774 411 come
794 366 1045 423 bisognaua
1067 371 1374 434 augmentare.
1406 367 1450 410 A
1473 373 1634 422 questo
1655 367 1849 424 collegio

223 426 300 483 poi
328 427 378 470 fu
404 426 623 483 aggionto
649 427 679 469 1’
710 425 936 470 authorita
961 423 1019 469 de
1045 439 1135 468 vna
1161 424 1438 478 uniuersita,
1470 440 1557 469 con
1584 425 1848 483 amplissimi

224 485 446 542 priuilegij
471 486 563 530 dati
584 487 642 529 da
671 486 812 530 Paulo
843 498 868 540 3
897 491 943 527 et
964 483 1085 542 Julio
1110 498 1151 539 3,
1176 484 1221 527 di
1254 485 1387 528 Carlo
1416 459 1457 529 V
1488 491 1534 529 et
1562 485 1848 530 Ferdinando

118 593 126 604 ⁷
177 539 180 542 ’
223 545 382 601 primo.
417 547 491 589 Ha
519 547 691 589 hauuto
723 544 839 589 assai
870 543 1106 587 laudeuole
1138 557 1406 600 progresso,
1439 551 1484 588 et
1510 544 1548 588 si
1577 544 1620 589 io
1650 546 1844 590 hauesse

221 611 408 671 possuto
430 604 695 648 continuare
716 602 884 647 valenti
899 609 945 646 et
961 602 1110 645 stabili
1126 602 1295 655 lettori,
1316 618 1451 646 senza
1468 605 1556 647 salo
1574 604 1618 646 di
1635 606 1684 648 se
1702 611 1847 648 stesso

222 656 339 708 seria
360 663 597 708 cresciuto.
623 663 672 708 Si
700 665 759 706 ha
785 664 896 706 fatto
924 660 1159 718 gagliardo
1188 661 1406 718 principio
1428 663 1473 705 di
1503 663 1688 707 fabrica.
1715 664 1764 709 S'
1790 665 1847 708 ha

222 730 484 768 consecrato
505 738 593 767 vna
614 721 815 779 capella'
804 737 850 764 1n
873 736 1007 765 nome
1029 727 1074 765 et
1101 722 1276 766 honore
1297 721 1342 764 di
1365 722 1411 766 S.
1422 727 1461 756 t0
1482 722 1765 767 HieronimO.
1792 725 1842 769 S’

222 784 281 826 ha
302 782 526 839 aquistato
550 795 659 837 1400
680 781 826 825 fiorini
853 781 910 825 de
937 780 1112 823 intrade
1140 787 1372 836 perpetue.
1404 781 1453 825 S'
1477 782 1535 824 ha
1570 782 1725 826 dotato
1755 797 1842 826 con

222 843 362 886 molte
382 841 584 899 reliquie,
609 840 840 897 clynodij‚
846 838 1097 884 ornamenti
1118 845 1164 883 et
1185 839 1435 896 paramenti
1457 840 1764 885 ecclesiastici.
1792 843 1841 887 S’

221 903 280 944 ha
303 902 415 945 fatto
437 908 610 946 rectore
632 915 716 944 con
738 913 935 957 capuzzo
956 905 1002 943 et
1017 906 1212 955 sceptro,
1232 898 1381 956 sigillo
1398 899 1443 942 di
1461 900 1510 944 S.
1522 904 1562 936 to
1579 899 1846 945 Hieronimo

221 961 428 1017 sculpito.
449 962 499 1004 In
514 961 613 1003 fin
598 975 623 1004 e
644 960 809 1003 andato
827 965 952 1002 tanto
973 957 1170 1011 innanzi,
1194 959 1294 1011 che,
1324 972 1373 1002 se
1394 958 1482 1002 Dio
1504 959 1565 1002 mi
1587 960 1644 1003 da
1666 961 1708 1003 la
1730 960 1840 1014 vita,

222 1034 314 1063 non
334 1021 360 1063 e
380 1019 520 1087 dubio
540 1021 624 1063 che
644 1021 744 1063 sera
764 1017 962 1062 stabilito
983 1025 1029 1062 et
1050 1031 1198 1061 messo
1220 1024 1340 1061 sotto
1362 1018 1423 1061 tal
1443 1019 1732 1109 protettione,
1758 1022 1842 1064 che

222 1079 252 1121 li
273 1078 523 1123 successori
543 1093 635 1122 non
656 1077 861 1135 potriano
882 1077 950 1120 far
977 1076 1243 1121 mutatione.

311 1140 362 1181 In
378 1145 537 1195 questo
554 1138 597 1181 io
614 1152 705 1181 non
718 1139 777 1180 ho
794 1136 1062 1180 maicercato
1075 1151 1192 1179 vana
1205 1135 1364 1193 gloria,
1379 1151 1518 1182 ouero
1531 1137 1666 1182 laude
1682 1138 1846 1182 huma-

223 1212 296 1250 na,
322 1213 395 1241 ma
421 1198 518 1241 solo
547 1196 578 1240 il
606 1195 791 1242 seruitio
821 1197 878 1240 da
903 1194 1007 1250 Dio,
1038 1202 1084 1240 et
1111 1210 1190 1252 per
1214 1209 1351 1240 cauar
1378 1196 1586 1250 ministri,
1620 1193 1850 1254 parrechi,

223 1257 383 1312 praeti,
417 1256 582 1309 clerici,
617 1255 841 1309 monachi,
873 1254 1055 1299 maestri
1077 1254 1123 1297 di
1149 1255 1325 1308 schola,
1351 1263 1396 1300 et
1430 1257 1549 1300 bona
1569 1257 1843 1302 educatione

226 1315 270 1358 di
301 1316 413 1359 laici.
444 1317 492 1361 S’
522 1290 684 1361 adesso
711 1315 755 1359 io
775 1316 820 1358 lo
840 1315 1067 1358 douuesse
1087 1314 1364 1371 estinguere,
1390 1329 1481 1358 non
1509 1317 1694 1361 credera
1715 1324 1842 1374 pote·

227 1375 296 1418 rlo
325 1376 419 1420 sare
450 1390 583 1419 senza
609 1375 698 1418 mia
726 1381 871 1419 morte
892 1381 937 1418 et
958 1372 1181 1427 calamita,
1205 1387 1410 1430 espressa
1430 1388 1510 1431 per
1531 1375 1562 1418 il
1589 1377 1716 1419 dolor
1747 1383 1793 1420 et
1814 1376 1845 1419 il

229 1435 444 1491 scrupulo
476 1436 561 1478 che
583 1433 777 1479 senteria
798 1433 843 1477 di
865 1441 1027 1489 questo
1057 1440 1387 1486 mancamento,
1419 1434 1631 1479 hauendo
1660 1434 1703 1479 io
1732 1436 1844 1480 fatto

225 1508 359 1561 sopra
387 1493 457 1537 cio
479 1492 556 1551 piu
582 1494 702 1538 volte
723 1500 829 1537 voto
851 1493 1052 1544 solenne,
1078 1499 1123 1537 et
1145 1507 1280 1537 senza
1297 1492 1509 1537 iactantia
1530 1496 1703 1538 hauuto
1720 1496 1845 1551 qual-

223 1554 307 1597 che
340 1553 629 1610 inspiratione
654 1553 774 1596 circa
805 1559 981 1608 questo.
1022 1551 1158 1597 Siche
1195 1567 1267 1596 me
1304 1553 1529 1609 reputarei
1566 1553 1762 1611 indegno
1798 1555 1843 1598 di

223 1612 330 1665 vita,
370 1619 415 1656 et
442 1613 630 1657 sarebbe
666 1612 864 1669 periculo
901 1613 986 1656 che
1021 1625 1219 1655 moresse
1254 1611 1511 1679 desperato.
1544 1612 1679 1658 Siche
1701 1628 1842 1671 prego

224 1673 281 1716 V.
308 1673 362 1715 R.
389 1673 442 1715 P.
468 1679 514 1716 et
531 1671 641 1729 ogni
657 1670 899 1715 christiano
921 1672 983 1714 m'
1005 1670 1142 1714 habbi
1164 1671 1491 1727 compassione,
1517 1672 1842 1718 considerando

222 1730 252 1773 il
280 1731 369 1774 mio
399 1731 688 1798 fondamento
708 1745 830 1776 esser
851 1745 931 1787 per
952 1729 984 1773 il
1020 1729 1205 1775 seruitio
1241 1729 1287 1773 di
1319 1731 1501 1775 Christo
1541 1739 1587 1776 et
1618 1732 1839 1778 necessita

220 1791 336 1834 della
368 1790 456 1834 mia
487 1790 672 1844 diocesi,
706 1791 822 1834 nella
853 1790 986 1846 quale
1013 1804 1233 1833 mancano
1261 1789 1373 1833 tanti
1411 1797 1456 1835 et
1487 1790 1599 1834 tanti
1627 1791 1836 1836 ministri.

222 1850 314 1906 Qui
342 1849 432 1893 mia
458 1850 724 1895 conscienza
751 1864 822 1893 me
850 1849 1071 1906 astringe,
1103 1855 1276 1893 mentre
1309 1851 1393 1893 che
1420 1849 1543 1904 viuo,
1576 1851 1642 1894 far
1670 1858 1840 1907 quanto

220 1924 370 1966 poss0,
401 1924 492 1953 non
520 1910 728 1954 temendo
754 1908 784 1952 li
811 1907 999 1966 periculi
1030 1915 1075 1954 et
1107 1907 1297 1952 minacci
1319 1909 1453 1965 depoi
1489 1910 1531 1953 la
1559 1910 1648 1954 mia
1676 1918 1835 1955 morte.

221 1968 308 2012 Dio
335 1970 361 2012 e
388 1969 433 2012 di
461 1984 610 2026 sopra,
635 1984 661 2014 e
688 1968 994 2025 onnipotente:
1021 1967 1163 2012 faccia
1184 1968 1333 2024 quello
1355 1970 1439 2012 che
1465 1967 1497 2011 11
1518 1983 1625 2026 pare
1647 1977 1694 2013 et
1715 1970 1840 2027 piac-

222 2042 289 2082 ce,
314 2035 360 2072 et
381 2028 425 2072 io
446 2030 491 2071 n’
516 2031 575 2072 ho
596 2028 653 2071 da
674 2042 795 2072 esser
815 2034 1029 2071 contento
1049 2034 1095 2070 et
1115 2027 1317 2071 laudarlo
1339 2042 1530 2085 sempre.

312 2089 386 2132 Ma
407 2102 486 2145 per
511 2088 812 2132 confessarme
833 2088 905 2131 del
925 2086 1085 2131 intiero
1107 2101 1259 2140 cuore,
1278 2085 1322 2130 io
1339 2101 1430 2131 non
1446 2089 1506 2130 ha
1527 2087 1590 2131 rei
1613 2088 1838 2133 ardimen—

222 2153 268 2190 to
304 2147 348 2190 d’
388 2147 664 2204 restinguere,
703 2146 994 2203 supprimere,
1034 2160 1174 2191 ouero
1210 2147 1452 2191 transferre
1491 2146 1523 2189 il
1563 2147 1758 2204 collegio
1795 2148 1839 2191 di
1871 2156 1875 2158 ’

221 2207 268 2251 S.
281 2210 320 2241 to
343 2206 606 2250 Hieronimo
628 2206 685 2250 da
706 2205 905 2263 Dilinga,
930 2212 976 2250 et
1001 2220 1114 2249 sono
1141 2205 1291 2249 sicuro
1312 2207 1396 2249 che
1424 2220 1621 2251 nessuna
1643 2221 1749 2251 cosa
1770 2222 1840 2251 me

220 2273 399 2322 potesse
421 2273 547 2310 tanto
570 2265 804 2309 consolare
824 2267 909 2310 che
936 2264 980 2308 io
1006 2280 1098 2309 non
1125 2265 1244 2309 fosse
1272 2264 1318 2307 in
1348 2264 1548 2322 periculo
1576 2267 1631 2310 de
1659 2280 1840 2310 cascare

221 2325 268 2367 in
301 2325 629 2382 desperatione,
654 2339 781 2369 come
806 2331 1064 2368 mancatore
1085 2324 1157 2367 del
1178 2331 1284 2368 voto
1305 2325 1398 2368 cosi
1420 2325 1604 2369 solenne
1625 2326 1698 2370 del
1719 2325 1840 2369 iura—

221 2391 391 2439 mento,
430 2392 475 2430 et
511 2385 614 2428 dell'
653 2383 943 2441 inspiratione
971 2393 1229 2429 veramente
1255 2383 1424 2429 diuine.
1456 2384 1591 2429 Siche
1627 2399 1759 2442 sopra
1795 2384 1839 2427 di
1874 2429 1880 2436 ,

220 2451 381 2499 questo
410 2459 503 2488 non
530 2443 723 2501 bisogna
748 2458 937 2530 pensare
972 2443 1018 2486 di
1053 2450 1256 2501 poterme
1291 2442 1472 2488 vincere
1500 2458 1548 2487 se
1571 2458 1664 2487 non
1690 2458 1776 2488 con
1798 2444 1841 2486 la

219 2509 377 2547 morte.

309 2564 384 2607 Ma
405 2561 564 2619 poiche
586 2577 665 2618 per
685 2561 945 2618 esperienza
964 2561 1021 2605 de
1049 2576 1079 2605 x
1101 2560 1206 2605 anni
1228 2567 1274 2606 et
1302 2573 1350 2605 12
1374 2560 1420 2605 in
1442 2576 1530 2617 qua
1551 2564 1611 2605 ho
1633 2562 1840 2606 conside-

221 2627 317 2665 rato
345 2622 376 2664 li
397 2621 719 2676 mancamenti,
750 2620 870 2677 quali
897 2635 1007 2664 sono
1035 2634 1221 2664 occorso
1248 2621 1334 2663 allo
1362 2621 1557 2678 collegio
1584 2628 1629 2664 et
1656 2621 1840 2665 vniuer-

220 2680 307 2725 sita
326 2680 371 2724 di
392 2680 592 2737 Dilinga,
622 2682 681 2724 ho
704 2687 880 2724 trouato
908 2682 992 2723 che
1011 2679 1055 2723 la
1076 2679 1291 2723 continua
1317 2680 1564 2724 mutatione
1591 2688 1636 2724 et
1657 2687 1839 2737 parten-

221 2754 274 2783 za
309 2740 415 2785 delli
450 2739 750 2797 praeceptori,
774 2738 956 2784 maestri
992 2745 1037 2783 et
1065 2738 1216 2782 lettori
1243 2740 1302 2782 ha
1330 2740 1442 2783 fatto
1469 2739 1644 2783 infinito
1671 2741 1837 2792 danno‚

220 2814 312 2843 non
332 2800 427 2843 solo
449 2798 567 2844 circa
587 2800 630 2843 la
650 2798 862 2853 dottrina,
881 2813 954 2841 ma
970 2799 1165 2842 anchora
1181 2797 1301 2842 circa
1321 2798 1351 2841 li
1373 2798 1564 2842 costumi
1586 2806 1631 2842 et
1652 2799 1840 2842 esserci-

221 2859 268 2915 tij
294 2858 585 2903 ecclesiastici
606 2865 652 2902 et
677 2859 720 2901 la
748 2833 997 2914 disciplina.
1024 2856 1159 2902 Siche
1186 2856 1230 2900 io
1249 2857 1310 2900 mi
1333 2865 1464 2901 trouo
1491 2860 1687 2901 sforzato
1707 2858 1752 2901 di
1775 2859 1841 2901 far

221 2919 413 2974 qualche
440 2924 694 2975 opportuna
720 2916 999 2974 prouissione
1027 2931 1107 2972 per
1134 2915 1438 2961 stabilimento
1466 2924 1510 2961 et
1539 2918 1758 2962 fermezza
1779 2917 1840 2960 dil

220 2980 345 3022 detto
366 2977 558 3033 collegio
580 2984 625 3022 et
647 2976 894 3020 uniuersita
914 2976 970 3019 de
990 2974 1191 3031 Dilinga,
1215 2981 1276 3028 et,
1303 2976 1375 3031 poi
1398 2977 1439 3019 la
1461 2976 1748 3020 inuocatione
1769 2977 1841 3020 del

220 3036 439 3093 consiglio
461 3036 632 3091 diuino,
657 3038 716 3079 ho
737 3036 910 3092 parlato
930 3049 1016 3078 con
1037 3034 1068 3077 il
1091 3036 1144 3078 R.
1150 3034 1200 3070 do
1223 3031 1368 3078 Padre
1386 3036 1563 3092 Laynes
1578 3042 1624 3079 et
1644 3035 1673 3078 il
1698 3036 1843 3080 Padre
