2196 3522
389 274 435 307 62
950 269 994 303 P.
1021 268 1209 304 NATAL1s
1235 268 1454 304 ΕΡΗΕΜΕΒ.

388 387 463 415 rus
499 377 745 428 perpetuus
781 369 1006 426 generalis
1033 370 1062 423 ¹3
1088 369 1169 412 sed
1190 382 1285 412 rem
1307 368 1569 425 permittere
1590 369 1775 414 arbitrio
1802 370 2013 416 Societa-

386 449 457 491 tis:
492 462 585 491 non
605 461 707 491 esse
734 445 989 490 absentium
1020 445 1243 502 suffragia
1265 445 1558 490 admittenda:
1582 447 1700 491 velle
1721 447 1853 504 plane
1879 463 2007 492 sum—

381 539 504 568 mum
527 523 789 580 pontificem
812 529 862 566 vt
889 529 1044 566 nostra
1066 522 1274 566 libertate
1294 529 1489 566 vtamur:
1515 524 1725 580 supplere
1741 525 2008 570 de113fec-

381 609 468 644 tus:
494 600 723 645 remittere
746 600 943 657 rigorem
966 599 1144 643 illarum
1165 598 1699 644 excommunicationum:
1722 600 1863 646 videri
1884 602 2003 647 San-

377 678 578 722 ctissimo
590 684 638 719 vt
655 676 829 720 habitet
845 676 1071 734 generalis
1089 678 1274 730 Romae,
1288 675 1375 720 nisi
1393 683 1512 720 esset
1523 691 1580 721 ex
1597 677 1852 723 necessaria
1867 692 2006 723 causa

374 754 597 798 visitanda
620 754 840 799 Societas.
868 756 1107 798 Postremo
1129 752 1325 796 absoluit
1346 760 1391 797 et
1414 753 1695 810 dispensauit
1724 769 1828 798 cum
1856 755 2004 799 omni—

373 833 458 875 bus
480 832 537 875 ad
557 831 828 888 legittimam
850 830 1133 876 electiomen.

458 908 589 952 Datis
610 907 857 964 suffragijs,
882 922 939 951 ex
963 919 1035 960 20,
1061 914 1173 964 quot
1200 914 1329 952 erant
1351 908 1588 961 electores,
1619 908 1775 952 retulit
1803 911 1856 952 P.
1883 910 1999 966 Layr⁴

371 1000 451 1029 nes
479 998 545 1040 13,
577 998 605 1039 4
633 987 686 1028 P.
720 984 911 1038 Natalis,
942 999 1083 1027 vnum
1117 986 1169 1027 P.
1204 984 1491 1037 Paschasius,
1517 999 1658 1028 vnum
1696 987 1750 1029 P.
1784 985 1999 1038 Lanoius,

368 1077 508 1106 vnum
532 1064 584 1106 P.
610 1063 645 1105 F
649 1061 881 1105 ranciscus
899 1076 925 1104 a
948 1060 1131 1118 Borgia.
1166 1063 1337 1118 Magna
1363 1061 1565 1105 omnium
1593 1060 1905 1106 consolatione
1932 1069 2003 1107 est

368 1139 522 1183 audita
543 1146 589 1182 et
610 1145 793 1195 recepta
814 1137 976 1183 electio
998 1138 1030 1181 ².
1062 1138 1069 1196 Ι

455 1217 741 1260 Consecutae
758 1215 907 1258 triduo
924 1214 1253 1271 disputationes
1270 1215 1328 1259 ad
1346 1215 1598 1260 Rotundae.
1616 1215 1795 1259 Deinde
1810 1215 1998 1260 inchoa-

370 1301 440 1337 tae
463 1292 843 1350 congregationes
865 1291 922 1335 de
950 1291 1154 1348 negocijs
1187 1291 1444 1336 Societatis.
1465 1291 1668 1336 Admissi
1705 1293 1763 1336 ad
1783 1294 1865 1336 has
1886 1306 1998 1336 con-

363 1369 654 1427 gregationes
677 1375 1007 1426 procuratores.
1029 1369 1148 1413 Sunt
1163 1368 1239 1412 illa
1261 1369 1445 1413 decreta
1467 1369 1602 1429 facta,
1628 1384 1746 1425 quae
1767 1375 1924 1414 extant
1950 1368 1998 1412 in

363 1446 475 1490 actis
496 1446 821 1504 posterioribus
843 1445 1013 1502 primae
1034 1445 1405 1503 congregationis
1427 1446 1667 1503 generalis.

451 1525 479 1567 6
499 1523 596 1579 Iulij
622 1522 817 1566 admissa
838 1529 907 1567 est
929 1529 1024 1566 tota
1045 1522 1343 1579 congregatio
1365 1522 1422 1565 ad
1444 1524 1654 1566 Paulum.
1675 1524 1844 1568 Sumus
1861 1524 1918 1567 ab
1941 1538 1996 1567 eo

361 1600 535 1656 accepti
555 1599 756 1657 benigna
777 1614 830 1644 ac
850 1599 1023 1643 liberali
1039 1599 1258 1643 oratione:
1278 1614 1368 1655 qua
1383 1599 1587 1644 oratione
1603 1600 1866 1644 canonicam
1881 1599 1996 1644 dixit

358 1692 411 1720 ac
433 1677 551 1734 piam
569 1677 709 1721 fuisse
731 1676 955 1734 generalis
973 1676 1256 1730 electionem,
1277 1684 1415 1733 atque
1430 1676 1551 1720 illam
1569 1677 1871 1721 confirmauit:
1891 1678 1986 1721 lau-

360 1754 487 1797 dauit
519 1753 759 1799 Societatis
785 1753 927 1797 initia.
965 1753 1252 1797 Praedicauit
1278 1753 1377 1799 eius
1404 1753 1697 1808 incrementa,
1738 1768 1855 1810 quae
1879 1754 1988 1799 114

358 1838 608 1887 acceperat,
631 1837 727 1874 tum
744 1845 947 1885 numero,
969 1837 1065 1873 tum
1082 1831 1249 1874 fructu.
1272 1832 1349 1885 Se,
1370 1837 1612 1886 antequam
1628 1838 1749 1875 esset
1764 1830 1984 1888 pontifex,

360 1907 635 1952 Societatem
667 1907 865 1960 iuuasse,
898 1922 950 1950 ac
978 1907 1205 1964 pollicitus
1233 1915 1303 1951 est
1330 1923 1380 1951 se
1414 1908 1535 1951 illam
1571 1923 1672 1952 esse
1708 1907 1984 1952 adiuturum.

360 1984 619 2040 Appellauit
641 1984 780 2028 semel
803 1991 881 2027 aut
902 1983 1065 2027 iterum
1087 1985 1266 2027 beatam
1283 1984 1574 2029 Societatem.
1601 1985 1795 2041 Copiose
1815 1999 1899 2029 nos
1920 1992 1991 2029 est

358 2060 622 2103 adhortatus
644 2061 701 2103 ad
722 2061 1047 2117 capescendam
1070 2075 1268 2105 crucem.
1295 2061 1475 2105 Diserte
1497 2061 1610 2104 dixit
1632 2062 1839 2105 futurum
1866 2063 1991 2117 quod

357 2137 414 2180 ad
455 2136 651 2191 labores,
695 2137 1007 2190 contumelias,
1047 2138 1401 2194 persecutiones,
1449 2139 1505 2182 ad
1541 2145 1731 2182 mortem
1774 2152 1990 2183 vocemur

356 2220 538 2270 propter
559 2228 724 2257 nomen
746 2213 784 2271 [J
789 2214 885 2271 esu]
908 2213 1095 2269 eiusque
1111 2214 1363 2258 ecclesiam.
1386 2214 1626 2259 Benedixit
1642 2229 1725 2258 nos
1742 2229 1899 2258 omnes
1916 2221 1987 2259 ter

356 2297 630 2346 praesentes,
657 2290 790 2333 simul
812 2291 1023 2334 absentes
1046 2304 1221 2344 omnes,
1246 2297 1473 2346 quotquot
1489 2290 1536 2333 in
1553 2291 1781 2335 Societate
1797 2306 1986 2336 versan-

354 2374 442 2410 tur.
474 2366 480 2424 Ι
508 2366 806 2410 Confirmauit
823 2367 1112 2420 Soc1etatem,
1133 2382 1289 2412 omnes
1311 2367 1409 2411 eius
1425 2367 1610 2424 gratias,
1630 2367 1820 2422 indulta,
1840 2368 1984 2424 priui-

353 2443 487 2500 legia,
514 2450 604 2486 tam
626 2443 874 2500 spiritualia
896 2457 1031 2498 quam
1054 2444 1330 2500 temporalia,
1355 2458 1669 2500 quaecumque
1690 2445 1763 2489 vel
1784 2460 1811 2488 a
1831 2459 1881 2489 se
1907 2446 1981 2491 vel

352 2521 408 2563 ab
431 2519 530 2576 alijs
555 2519 748 2563 summis
773 2519 1064 2576 pontificibus
1091 2520 1339 2577 accepisset
1367 2520 1585 2566 Societas.
1612 2523 1848 2566 Postremo
1885 2521 1978 2566 sin-

351 2597 466 2653 guli,
493 2598 635 2654 pedes
662 2596 870 2650 osculati,
901 2597 1157 2653 accepimus
1185 2597 1387 2654 proprias
1408 2598 1766 2644 benedictiones.
1802 2598 1979 2643 Detulit

353 2676 489 2717 Pater
510 2672 734 2730 generalis
757 2673 997 2718 Societatis
1018 2674 1338 2719 obedientiam.

438 2750 544 2794 Dixi
564 2763 708 2806 pauca
728 2750 784 2793 de
805 2749 1034 2794 Societate
1056 2757 1102 2793 et
1123 2751 1359 2805 electione,
1383 2752 1535 2795 omnia
1555 2767 1656 2797 esse
1683 2754 1769 2796 sub
1793 2751 1981 2797 arbitrio

348 2834 394 2870 et
417 2826 686 2870 auctoritate
707 2827 829 2871 Suae
850 2827 1129 2871 Sanctitatis.
1156 2828 1395 2873 Benedixit
1415 2828 1579 2874 iterum
1602 2830 1775 2874 Paulus
1799 2830 1831 2874 ⁸.

418 2953 428 2972 ¹
480 2933 554 2986 Ms.
564 2940 813 2998 generalem.

406 3010 428 3031 ⁷²
460 3011 462 3013 ’
479 3009 736 3055 SAcchth,
755 3010 830 3045 loc.
849 3009 932 3055 eit.,
951 3014 1103 3057 nn.'29,
1121 3009 1180 3046 30.

413 3069 427 3089 ³
477 3068 734 3112 SACCHINUS,
753 3069 828 3104 loc.
852 3068 934 3114 cit.‚
953 3081 1024 3105 nn.
1047 3069 1174 3115 36-42.
