2196 3522
1027 285 1119 332 1553
1144 318 1146 320 ,
1851 295 1896 332 17

241 387 582 446 compendium,
607 389 733 445 quod
754 387 1044 445 explicarem,
1075 388 1114 432 si
1135 403 1294 432 verum
1318 402 1410 432 non
1438 388 1688 446 reciperem
1715 388 1892 435 interea

240 466 520 522 exemplum,
545 466 719 511 interea
740 473 790 509 vt
812 480 1087 523 exponerem
1108 481 1317 512 examen.

334 542 538 587 Euocaui
560 543 713 587 statim
732 545 785 587 P.
811 543 1063 600 Goncalem
1086 542 1351 587 Conimbria
1371 558 1454 601 pro
1475 543 1813 589 concionatore.

332 621 392 664 D.
418 621 707 674 Torrensem,
733 620 812 677 qui
847 627 945 665 erat
975 621 1034 665 ad
1050 621 1098 666 S.
1126 622 1163 664 F
1165 620 1320 665 oelicis
1341 623 1351 643 ¹
1377 620 1482 666 Misi
1503 623 1719 677 Ioannem
1763 623 1888 666 Pau—

242 698 345 742 lum‘
360 697 419 741 ad
442 700 494 741 Ρ.
521 698 816 742 Franciscum
836 697 876 742 si
896 698 1035 743 vellet
1054 697 1229 742 venire.

333 777 387 819 P.
412 775 701 828 Franciscus,
732 776 827 818 dux
862 774 1072 819 Gandiae
1098 782 1145 818 et
1172 774 1376 818 marchio
1413 775 1602 820 Lombai
1630 777 1646 798 ¹
1676 777 1779 821 fuit:
1810 778 1884 822 hic

236 858 394 896 motus
409 851 632 910 religione
646 853 1047 908 Granatae,quum
1065 858 1298 908 praeesset
1317 851 1465 896 funeri
1483 860 1709 909 augustae
1736 853 1744 913 Ι
1770 869 1886 898 vxo-

235 928 302 973 -ris
324 929 476 974 Caroli
499 928 576 985 5.i‚
607 928 810 986 suscepit
837 927 1124 985 prouinciam
1153 928 1455 972 Catholoniae
1482 929 1665 975 vicerex
1687 932 1721 983 ³,
1747 946 1882 987 quam

235 1020 381 1062 quum
398 1005 649 1066 gereret[?]‚
669 1005 830 1050 habuit
846 1005 1227 1051 consuetudinem
1241 1020 1347 1050 cum
1360 1007 1414 1050 P.
1433 1007 1469 1050 F
1472 1007 1584 1050 abro
1601 1014 1648 1051 et
1665 1008 1878 1062 Araozio,

229 1090 286 1129 et
300 1085 595 1129 vehementer
609 1082 806 1141 profecit
821 1083 870 1126 in
886 1083 1055 1140 pietate
1070 1091 1117 1127 et
1134 1097 1287 1127 rerum
1300 1071 1603 1140 spiritualium
1620 1085 1880 1130 meditatio-

238 1175 313 1205 ne.
332 1161 526 1207 Decedit
543 1176 567 1205 a
585 1161 837 1218 prouincia:
856 1161 984 1207 venit
999 1160 1245 1206 Gandiam:
1264 1160 1327 1204 ibi
1342 1161 1641 1206 confirmatus
1661 1177 1719 1206 ex
1735 1170 1881 1207 morte

237 1238 408 1292 vxoris,
434 1238 543 1284 fecit
569 1238 802 1292 exercitia,
832 1245 879 1282 et
900 1237 1043 1296 elegit
1064 1238 1307 1284 Societatis
1328 1238 1607 1292 institutum,
1633 1247 1679 1283 et
1707 1247 1831 1295 vota,
1853 1253 1878 1284 2

238 1314 354 1372 Iunij
384 1316 511 1372 1546,
536 1322 583 1360 et
603 1315 787 1360 inchoat
808 1315 1055 1373 collegium
1082 1315 1380 1370 gaudianum:
1405 1317 1485 1360 dat
1511 1331 1695 1373 operam
1717 1316 1876 1362 literis:

202 1380 211 1389 ’
233 1397 418 1437 creatur
453 1383 613 1437 doctor
647 1394 906 1451 theologus.
946 1392 1311 1450 Primogenitum
1332 1400 1380 1438 et
1408 1405 1434 1437 2
1463 1393 1580 1438 filias
1606 1394 1802 1438 collocat
1831 1394 1880 1438 in

235 1469 572 1514 matrimonium
588 1469 923 1515 honestissime.
948 1471 988 1514 2
1004 1470 1133 1515 Facit
1149 1470 1492 1527 professionem;
1512 1486 1671 1516 verum
1693 1486 1750 1516 ex
1766 1486 1879 1515 con-

227 1546 441 1592 ·cessione
462 1547 628 1592 summi
648 1547 878 1605 pontificis
899 1547 1270 1592 condicionatum
1291 1549 1350 1592 ad
1377 1547 1552 1605 aliquot
1574 1563 1733 1593 annos.

323 1625 462 1670 Anno
489 1626 600 1681 1548
623 1625 768 1682 prima
784 1626 820 1669 F
822 1625 1018 1682 ebruarij
1043 1625 1204 1669 habuit
1220 1625 1430 1670 Gandiae
1446 1640 1661 1683 magnam
1679 1640 1876 1670 consue—

230 1701 438 1746 tudinem
460 1716 566 1746 cum
588 1704 811 1746 monacho
834 1702 1119 1746 franciscano
1142 1703 1355 1748 Taxceda
1378 1703 1411 1757 ⁴,
1434 1702 1534 1747 viro
1555 1702 1720 1748 eximie
1742 1718 1875 1748 exer-

228 1774 375 1823 citato
395 1778 444 1822 in
466 1780 688 1824 oratione.

277 1877 284 1884 ·
322 1856 429 1900 Fuit
446 1858 635 1901 Romam
663 1864 884 1902 euocatus
921 1872 948 1900 a
986 1859 1039 1900 P.
1081 1856 1261 1914 Ignatio
1288 1871 1410 1901 anno
1438 1857 1621 1902 iubilaei
1666 1868 1792 1913 1550:
1818 1872 1874 1902 eo

231 1931 374 1988 venit,
398 1934 573 1976 cultum
589 1934 739 1977 adhuc
756 1933 958 1979 retinens
980 1934 1248 1978 secularem.
1277 1934 1436 1978 Voluit
1451 1934 1735 1992 peregrinari
1758 1934 1874 1979 Hie—

229 2010 520 2066 rosolymam,
541 2011 664 2066 quod
679 2010 893 2055 dissuasit
911 2013 964 2054 P.
984 2009 1206 2068 Ignatius.
1224 2011 1370 2056 Multa
1382 2011 1505 2056 milia
1520 2011 1688 2055 dicitur
1702 2013 1874 2056 Romae

228 2085 466 2143 reliquisse
488 2088 547 2130 ad
573 2087 878 2131 inchoandam
909 2087 1222 2133 fundationem
1252 2088 1454 2146 collegij:
1485 2088 1492 2147 Ι
1519 2089 1774 2133 construxit
1797 2104 1876 2146 pa-

227 2163 404 2218 rietem,
418 2164 497 2220 qui
512 2164 661 2208 munit
675 2179 701 2208 e
718 2164 792 2209 via
805 2164 988 2221 publica
1003 2167 1187 2209 hortum
1203 2179 1457 2209 romanum.
1471 2167 1703 2210 Reuersus
1719 2165 1764 2209 in
1785 2166 1873 2210 Hi-

219 2240 431 2298 spaniam
467 2242 656 2287 secessit
683 2242 731 2285 in
767 2242 1061 2286 Cantabriam
1090 2241 1218 2287 iuxta
1245 2243 1468 2298 Onatum,
1499 2243 1593 2296 vbi,
1632 2242 1871 2287 aedificata

224 2319 521 2372 domuncula,
547 2326 671 2363 totus
693 2327 790 2365 erat
811 2319 859 2362 in
882 2319 1104 2371 oratione,
1129 2319 1573 2373 mortificationibus,
1599 2328 1688 2365 etc.
1720 2321 1787 2363 Eo
1815 2320 1873 2364 ad

222 2394 379 2452 ipsum
406 2403 634 2441 venerunt
655 2398 749 2441 don
777 2397 1010 2441 Antonius
1037 2411 1065 2440 a
1092 2397 1323 2450 Corduba,
1349 2398 1444 2441 don
1465 2397 1694 2442 Sanchius
1721 2413 1749 2441 a
1778 2398 1871 2441 Ca-

222 2473 378 2526 -stella,
406 2475 458 2517 P.
485 2473 831 2517 Bustamantius
857 2481 904 2518 et
932 2473 1024 2530 alij,
1055 2481 1101 2517 et
1127 2473 1228 2518 eius
1255 2474 1557 2518 instructione
1578 2474 1711 2518 factis
1740 2488 1863 2519 exer-

224 2548 373 2605 citijs',
402 2550 641 2607 elegerunt
678 2551 921 2596 Societatis
949 2551 1224 2594 institutum.
1258 2551 1380 2595 Hinc
1410 2551 1637 2595 concessit
1666 2553 1868 2608 Burgos,

221 2627 353 2682 quod
373 2634 559 2672 noceret
581 2627 680 2672 eius
700 2628 951 2673 valetudini
972 2628 1061 2672 loci
1082 2628 1204 2672 illius
1225 2628 1488 2682 humiditas,
1514 2628 1603 2673 iam
1625 2628 1747 2672 enim
1769 2641 1869 2671 mo-

221 2703 344 2747 lares
364 2703 526 2748 dentes
548 2703 776 2758 amiserat,
796 2712 886 2750 etc.
913 2707 1048 2750 Hanc
1072 2713 1224 2749 tamen
1244 2705 1566 2763 migrationem
1587 2705 1628 2748 3
1652 2705 1759 2749 fecit
1775 2718 1869 2749 non

296 2865 307 2885 ¹
358 2862 606 2899 Sententiam
623 2863 894 2912 imperfectam
912 2866 1072 2914 reliquit
1089 2871 1239 2903 auctor.
1259 2867 1374 2913 Quae
1392 2866 1526 2902 dicere
1546 2865 1672 2902 voluit
1689 2865 1870 2913 probabi-

214 2923 312 2958 liter
325 2933 373 2957 ea
386 2927 492 2968 sunt,
510 2934 611 2970 quae
628 2923 714 2970 ipse
728 2925 885 2972 scripsit
898 2925 939 2962 in
952 2926 1072 2973 epist.
1093 2933 1155 2973 54,
1170 2937 1208 2961 n.
1228 2934 1285 2962 11.
1301 2925 1403 2962 Vide
1419 2926 1551 2973 Epist.
1567 2924 1725 2971 Natal.,
1738 2925 1771 2970 1,
1788 2932 1855 2969 177

295 2984 310 3004 ²
359 2982 453 3028 Ms.‚
475 2981 662 3018 Gombai.
1597 3000 1599 3003 ·

296 3041 312 3062 ³
361 3041 407 3076 In
425 3040 622 3087 margine:
642 3049 755 3087 1539.

298 3100 315 3121 ⁴
364 3099 445 3144 Sic,
460 3109 529 3147 pro
553 3100 723 3136 Texeda.
