2196 3522
664 250 921 286 PROOEMIUM
947 258 1132 287 SECUNm
1157 257 1386 288 VOLUMINIS
1793 258 1849 285 XV

293 356 352 399 Et
373 355 488 398 haec
510 353 568 396 de
589 367 712 396 anno
742 352 852 407 1562
874 351 1140 396 brevissime
1162 351 1366 396 innuisse
1388 351 1595 396 sufficiat.

294 430 546 477 Veniamus
560 430 656 486 jam
678 430 736 473 ad
757 443 927 472 annum
951 429 1078 484 1563.
1110 430 1281 473 Fausta
1303 429 1399 486 jam
1426 429 1474 472 in
1495 428 1653 486 primis
1674 429 1732 475 de
1755 429 1851 473 col-

205 508 329 567 legio
349 507 657 564 oenipontano
678 506 965 560 nuntiantur;
991 506 1054 551 ita
1082 513 1133 550 ut
1161 507 1354 560 fructus,
1380 521 1461 563 per
1489 506 1766 552 Societatem
1787 505 1850 550 ibi

208 585 413 638 collecti,
443 598 622 629 summo
654 583 939 640 imperatoris
974 583 1174 627 animum
1203 583 1374 641 gaudio
1401 584 1616 628 afficiant.
1648 575 1853 629 Aliunde

211 666 264 708 Ρ.
296 663 459 716 Nadal,
490 661 721 706 laboribus
749 661 821 704 sui
847 660 1086 706 ministerii
1114 660 1300 706 minime
1332 662 1520 714 fractus,
1547 661 1776 706 assiduam
1805 662 1851 705 in

208 739 408 793 monitis,
433 739 622 796 regulis,
647 746 693 783 et
709 737 903 795 dialogis
925 737 1199 782 adornandis
1221 752 1405 794 operam
1427 745 1565 782 navat
1583 738 1656 796 (26
1678 739 1850 796 Febr.).

206 817 354 875 Ipsius
371 816 602 874 gestiones
616 830 698 873 pro
716 816 886 860 tuenda
901 814 1066 859 summi
1082 814 1312 872 pontificis
1329 815 1600 859 auctoritate
1617 817 1660 873 (9
1697 818 1854 872 Mart.)

207 901 368 953 gratae
388 894 631 938 admodum
653 907 868 937 romanae
889 891 1044 937 curiae
1064 891 1346 935 acciderunt:
1382 893 1479 936 «De
1506 893 1650 936 Roma
1672 908 1756 937 nos
1778 909 1853 938 es-

207 971 367 1017 criuen
394 985 484 1027 que
510 972 600 1027 hay
629 971 795 1014 mucha
829 968 1098 1012 edificacion
1130 971 1196 1012 asi
1227 982 1286 1012 en
1315 969 1357 1014 el
1384 983 1503 1025 papa
1536 983 1667 1013 como
1698 985 1756 1014 en
1785 971 1856 1014 los

205 1048 478 1107 principales
499 1047 731 1092 ministros
751 1061 891 1103 suyos
912 1046 970 1089 de
991 1046 1060 1090 los
1079 1047 1257 1091 buenos
1278 1041 1452 1090 officios
1474 1061 1563 1102 que
1587 1048 1643 1091 V.
1673 1048 1723 1090 R.
1750 1046 1853 1091 hizo

208 1141 268 1171 en
289 1125 548 1183 Hispruch»
574 1124 838 1183 (14Mart.).
865 1123 1080 1169 Subsidia
1108 1125 1165 1167 ab
1194 1123 1292 1180 ipso
1321 1123 1593 1181 imperatore
1622 1139 1703 1181 pro
1725 1124 1854 1170 oeni-

210 1210 412 1261 pontano
438 1202 628 1259 aliisque
661 1201 865 1259 collegiis
900 1201 1106 1246 obtinere
1139 1208 1357 1258 procurat
1391 1201 1487 1258 ipse
1517 1203 1570 1245 Ρ.
1604 1202 1752 1246 Nadal
1780 1202 1856 1259 (24

211 1281 380 1337 Mart.).
401 1282 437 1324 F
439 1279 521 1324 alsi
537 1293 741 1323 rumores
757 1279 815 1324 de
832 1277 1116 1335 imperatoris
1133 1277 1180 1321 in
1198 1277 1476 1323 Societatem
1493 1279 1687 1324 adverso
1704 1278 1857 1322 animo

210 1359 382 1403 Romae
403 1356 546 1414 sparsi
568 1363 850 1402 evanescunt
873 1357 915 1414 (9
938 1358 1092 1408 Mart.‚
1125 1368 1177 1410 14
1199 1362 1245 1400 et
1269 1368 1320 1414 19
1341 1355 1524 1413 April.).

299 1434 612 1492 Collegiorum
634 1433 864 1491 Friburgi,
898 1432 1235 1486 Wratislaviae,
1267 1432 1487 1478 Coloniae
1516 1440 1563 1478 et
1591 1433 1858 1491 Herbipolis

208 1512 338 1557 initia
360 1512 433 1570 (14
453 1519 499 1556 et
523 1524 579 1567 30
601 1502 756 1564 Mart,
788 1523 838 1566 13
862 1510 1029 1567 ApriL,
1056 1510 1107 1554 18
1126 1510 1255 1566 Maj.,
1278 1510 1490 1568 29Jun.).
1512 1510 1674 1555 Studia
1690 1512 1856 1555 huma-

210 1590 390 1635 niorum
412 1589 665 1634 litterarum
689 1588 734 1632 in
751 1587 1000 1633 Germania
1017 1588 1342 1644 promovenda,
1362 1587 1569 1644 magistri
1587 1587 1857 1633 instituendi

215 1669 282 1726 (11
309 1667 437 1724 Maj.,
463 1673 570 1711 ante
593 1678 617 1709 2
641 1666 804 1722 Sept.).
833 1665 1177 1709 Provinciarum
1199 1664 1475 1710 Germaniae
1498 1664 1698 1722 partitio,
1723 1681 1856 1723 prae-

214 1744 350 1802 positi
366 1742 565 1796 creandi,
579 1742 918 1787 commissarius
936 1741 1285 1799 praeficiendus,
1299 1748 1619 1798 proponuntur
1631 1750 1678 1786 et
1692 1757 1834 1800 appro
1846 1770 1855 1775 -

215 1810 383 1866 bantur
406 1822 478 1879 (19
500 1821 607 1877 Maj.
633 1833 677 1875 4,
704 1821 746 1872 8,
786 1833 836 1864 10
858 1819 998 1878 Jun.).
1025 1820 1170 1864 Gesta
1198 1833 1225 1862 a
1262 1820 1316 1863 B.
1349 1818 1535 1863 Canisio
1557 1819 1684 1864 hisce
1705 1820 1860 1869 verbis

217 1915 506 1957 summopere
516 1899 762 1943 laudantur
775 1913 801 1942 a
818 1898 1021 1942 Polanco
1039 1896 1222 1941 nomine
1241 1899 1294 1941 P.
1315 1898 1500 1943 Lainez:
1526 1916 1543 1939 «
1553 1899 1622 1942 En
1639 1899 1784 1942 Roma
1801 1913 1859 1955 ay

216 1992 331 2035 gran
354 1977 743 2022 contentamiento
764 1977 821 2019 de
842 1976 913 2019 los
935 1974 1108 2018 officios
1130 1988 1219 2030 que
1240 1989 1290 2019 se
1311 1977 1402 2019 han
1423 1977 1571 2020 hecho
1589 1990 1647 2020 en
1669 1977 1860 2033 Ispruch

216 2069 299 2112 por
324 2056 367 2099 el
395 2056 448 2098 Ρ.
481 2053 691 2098 Canisio»
726 2055 769 2110 (4
790 2053 935 2111 Jun.).
969 2051 1170 2096 Terentii
1198 2053 1461 2098 comoediae
1504 2068 1586 2110 pro
1615 2053 1861 2099 Societatis

216 2132 382 2177 scholis
399 2147 424 2176 a
442 2130 593 2176 Natali
609 2131 821 2188 (Eplzem.
844 2131 920 2174 fol.
942 2141 1024 2174 120
1040 2129 1084 2186 v)
1102 2137 1149 2173 et
1164 2130 1222 2174 ab
1238 2130 1337 2174 aliis
1354 2131 1720 2189 adornantur(29
1730 2133 1856 2190 Jun.‚

223 2210 274 2254 18
296 2209 424 2269 Jul.).
457 2208 581 2253 Libri
610 2207 930 2254 exercitiorum
959 2221 1078 2251 nova
1111 2206 1251 2251 editio
1281 2207 1488 2252 Viennae
1516 2207 1758 2253 excuditur
1788 2210 1862 2267 (29

219 2289 343 2345 Jun.‚
374 2299 426 2346 19
449 2287 556 2331 Oct.
582 2286 706 2342 etc.).

307 2364 598 2409 Novitiorum
621 2361 896 2407 institutioni
918 2361 1268 2418 opportuniores
1285 2363 1417 2407 sedes
1436 2364 1594 2407 urbem
1611 2378 1861 2409 monacen-

222 2435 319 2486 sem
338 2456 447 2499 prae
466 2439 799 2485 vindobonensi
821 2440 1039 2496 praebere
1055 2445 1213 2483 censet
1235 2440 1288 2483 P.
1310 2439 1478 2484 Lainez
1496 2441 1725 2499 (29Jun.).
1747 2443 1861 2484 Pra-

219 2533 307 2576 gae
327 2518 587 2576 collegium,
613 2534 639 2562 a
660 2517 812 2562 Natali
833 2517 1174 2574 perlustratum,
1196 2517 1409 2561 laudibus
1425 2519 1483 2562 ab
1500 2518 1600 2575 ipso
1617 2526 1865 2563 exornatur

223 2597 296 2654 (29
311 2596 453 2654 Jun.).
479 2595 778 2653 Dilingensis,
803 2594 947 2647 initia,
978 2593 1285 2648 difficultates,
1317 2594 1601 2639 conditiones
1632 2595 1679 2638 in
1707 2595 1862 2639 multis

220 2673 359 2729 hujus
380 2671 487 2715 anni
509 2671 709 2728 epistolis
731 2672 1066 2728 expenduntur.
1094 2670 1303 2716 Videnda
1332 2671 1519 2730 insuper
1541 2672 1587 2715 in
1611 2672 1863 2729 appendice

218 2749 374 2807 gravis
390 2748 582 2806 epistola
597 2748 838 2793 cardinalis
855 2747 1117 2805 augustani,
1138 2747 1185 2791 in
1203 2763 1293 2806 qua
1310 2748 1470 2793 intima
1485 2749 1623 2793 animi
1641 2749 1712 2793 sui
1730 2765 1865 2794 sensa

220 2833 267 2872 et
312 2833 471 2870 votum
508 2827 608 2870 Deo
644 2827 700 2870 de
736 2828 824 2870 hoc
863 2825 1058 2883 collegio
1094 2826 1333 2870 condendo
1365 2841 1392 2869 a
1423 2841 1473 2870 se
1519 2827 1723 2871 oblatum
1763 2829 1865 2871 fuse

222 2910 420 2948 enarrat.

313 2980 610 3025 Tirnaviense
631 2980 874 3037 collegium
896 2980 1107 3024 invisitur
1129 2995 1156 3024 a
1179 2982 1231 3024 P.
1258 2981 1420 3035 Nadal‚
1441 2981 1518 3038 qui
1535 2981 1867 3026 commodiores

224 3058 288 3102 ibi
309 3059 446 3103 aedes
466 3058 775 3115 procurandas
795 3064 951 3101 censet
974 3059 1016 3115 (4
1038 3058 1166 3114 Maj.,
1199 3071 1248 3102 12
1272 3059 1380 3117 Jul.,
1409 3069 1463 3115 25
1488 3058 1629 3116 Oct.).
1658 3059 1865 3105 Societa-
