2196 3522
969 313 1060 351 1557
1083 291 1092 297 ¹
1790 306 1833 343 13

0 399 21 468 i,
191 423 293 454 esse
308 408 356 452 in
377 407 646 465 Hispaniam
673 409 892 462 eundum;
916 409 999 452 sed
1025 407 1138 452 illud
1158 408 1379 471 additum,
1398 415 1448 452 vt
1464 408 1831 465 quandoquidem

2 474 11 486 ’
190 486 279 531 alia
299 487 358 530 de
378 500 428 530 re
449 492 571 531 esset
592 486 911 543 alloquuturus
929 487 1066 531 Pater
1086 485 1284 529 vicarius
1305 476 1534 530 summum
1550 485 1830 543 pontificem,

193 563 341 608 obiter
366 564 424 608 de
451 563 528 607 illa
554 562 839 620 profectione
865 562 1114 620 attingeret
1148 562 1342 619 aliquid,
1374 578 1466 619 quo
1501 563 1704 608 animum
1733 563 1834 608 eius

192 641 464 698 exploraret,
489 640 602 684 nihil
623 639 762 684 aliud.
790 640 1025 684 Pontificis
1046 639 1189 697 igitur
1210 640 1390 684 animus
1410 655 1467 684 ex
1483 640 1555 685 his
1570 641 1834 699 conijci'po-

194 717 299 772 tuit,
322 733 427 762 nam
457 717 653 775 primum
682 716 931 775 respondit:
967 719 1058 761 «Ite
1080 717 1119 760 si
1139 717 1291 761 velitis
1311 717 1359 760 in
1380 717 1695 775 Hispaniam»:
1720 721 1831 763 sub-

193 795 324 840 didit:
359 797 466 840 «sed
493 795 604 853 quid
631 794 742 840 estis
769 794 915 839 acturi
948 794 995 837 in
1033 793 1282 851 Hlspania?
1312 810 1423 838 num
1460 797 1518 839 ad
1554 796 1751 841 schisma
1787 804 1834 842 et

192 873 416 918 haeresim
435 872 633 930 Philippi
647 871 788 915 vultis
804 872 1079 916 concedere?
1087 889 1104 911 »
1121 872 1372 916 «Nolumus
1382 890 1397 912 ι)
1409 906 1418 925 ,
1430 871 1578 929 inquit
1594 873 1835 919 subridens

195 950 408 994 vicarius.

284 1027 404 1072 Dein
420 1026 579 1084 paucis
594 1026 775 1081 diebus,
795 1026 963 1083 quibus
982 1027 994 1048 ¹
1024 1025 1030 1083 Ι
1058 1026 1184 1071 venit
1202 1028 1392 1070 Romam
1416 1027 1571 1082 frater,
1596 1043 1732 1084 quem
1749 1029 1834 1072 mi-
1852 1032 1855 1034 ’

196 1111 318 1151 serat
341 1106 393 1149 P.
426 1104 715 1157 Franciscus,
741 1110 787 1149 et
814 1104 1005 1149 aderant
1032 1102 1121 1147 iam
1146 1105 1199 1147 P.
1231 1102 1406 1157 Simon,
1440 1106 1492 1148 P.
1515 1107 1837 1150 Domenechus

195 1190 242 1227 et
260 1185 308 1226 Ρ.
330 1181 570 1235 Vinchius,
588 1181 738 1225 visum
754 1188 825 1226 est
846 1182 904 1226 de
920 1181 1079 1226 eadem
1098 1196 1147 1225 re
1162 1180 1253 1225 dici
1270 1181 1435 1227 iterum
1452 1182 1719 1236 sententias,
1741 1190 1837 1226 tum

196 1267 381 1318 propter
402 1274 547 1304 nouas
573 1272 735 1303 causas
761 1266 808 1303 et
835 1258 1006 1311 literas,
1031 1273 1145 1315 quas
1173 1273 1327 1303 secum
1361 1260 1577 1303 attulerat
1605 1261 1743 1304 frater
1762 1260 1838 1304 ille

198 1336 531 1397 hispaniensis„
549 1343 596 1382 et
625 1335 865 1394 grauiores
896 1335 1080 1392 quidem
1113 1351 1265 1393 quam,
1286 1351 1404 1394 quae
1435 1337 1662 1394 prioribus
1698 1338 1841 1383 literis

198 1414 592 1472 significabantur,
618 1421 714 1457 turn
738 1414 862 1471 quod
883 1428 975 1458 non
993 1415 1107 1458 adeo
1129 1421 1284 1471 aperte
1310 1414 1654 1472 intelligebatur
1675 1416 1840 1460 summi

198 1491 428 1549 pontificis
447 1478 627 1536 animus
649 1491 760 1548 quin
791 1491 1024 1536 videretur
1044 1491 1277 1549 integrum
1296 1493 1353 1536 de
1381 1493 1541 1536 eadem
1568 1493 1835 1538 deliberare.

198 1568 360 1626 Igitur,
385 1568 519 1613 dictis
543 1571 731 1614 Patrum
753 1569 994 1626 sententijs
1019 1570 1214 1627 (eramus
1236 1568 1357 1614 enim
1381 1584 1541 1614 omnes
1569 1570 1652 1627 14),
1674 1573 1727 1614 P.
1749 1572 1839 1615 Bo-

195 1645 364 1691 badilla
378 1654 425 1692 et
441 1648 494 1691 P.
517 1646 676 1692 Simon
692 1654 989 1699 censuerunt,
1000 1661 1086 1692 nec
1103 1647 1306 1691 eundum
1323 1647 1371 1691 in
1384 1647 1670 1704 Hispaniam,
1680 1662 1766 1692 nec
1782 1663 1838 1692 ea

199 1723 257 1768 de
277 1739 327 1769 re
347 1708 590 1781 petendam
605 1723 834 1768 licentiam
852 1739 878 1768 a
890 1738 1069 1768 summo
1080 1723 1311 1781 pontifice:
1333 1726 1387 1769 P.
1409 1725 1642 1769 Adrianus
1663 1740 1714 1770 se
1735 1740 1835 1782 pro-

198 1802 309 1847 bare
329 1809 492 1846 senten
507 1802 590 1847 44
615 1802 723 1846 tiam
746 1801 896 1846 Patris
918 1801 1089 1858 vicarij:
1112 1804 1166 1846 P.
1187 1801 1344 1847 Violas
1365 1817 1416 1847 se
1432 1802 1479 1845 in
1495 1802 1724 1847 sententia
1741 1818 1842 1848 esse

199 1878 398 1936 plurium
419 1879 758 1937 suffragiorum:
785 1881 923 1924 Pater
944 1878 1143 1922 vicarius
1163 1893 1269 1923 cum
1290 1878 1478 1936 reliquis
1499 1894 1528 1937 9
1544 1894 1713 1937 magno
1735 1894 1842 1924 con-

201 1971 341 2000 sensu
368 1956 433 2000 sic
460 1956 690 2002 dixerunt:
719 1971 770 2002 se
796 1963 844 2000 et
870 1957 1005 2011 velle,
1029 1964 1075 2000 et
1100 1956 1303 2000 iudicare
1324 1971 1425 2002 esse
1453 1957 1656 2002 eundum
1684 1956 1731 2000 in
1754 1957 1840 2001 Hi-

202 2033 422 2091 spaniam,
447 2034 486 2077 si
509 2041 661 2078 tamen
688 2033 736 2077 id
763 2033 872 2077 boni
893 2034 1102 2078 consulat
1124 2047 1178 2078 ac
1198 2035 1362 2091 probet
1389 2048 1596 2078 summus
1618 2034 1839 2091 pontifex:

199 2110 264 2154 illi
285 2125 366 2168 per
386 2110 607 2156 vicarium
628 2125 730 2156 esse
752 2110 987 2168 primarias
1007 2125 1186 2165 causas,
1212 2125 1332 2167 quae
1353 2126 1438 2155 nos
1459 2118 1716 2165 mouerent,
1735 2127 1835 2168 pro-

199 2189 436 2246 ponendas
463 2203 642 2233 summa
667 2187 924 2233 humilitate
950 2195 1088 2244 atque
1122 2188 1447 2233 indifferentia:
1479 2203 1564 2232 nos
1592 2189 1650 2232 ad
1672 2190 1842 2232 nullam

202 2272 375 2322 partem
397 2265 710 2321 inclinaturos,
735 2265 822 2309 nisi
844 2280 936 2322 quo
957 2265 1317 2323 intelligeremus
1338 2265 1639 2311 Sanctitatem
1661 2266 1677 2287 ⁸
1701 2266 1842 2311 Suam

202 2342 422 2388 inclinare
443 2343 476 2386 ³.
1499 2351 1501 2353 ’
1763 2350 1766 2352 ’
1822 2348 1826 2351 “

291 2421 421 2465 Haec
441 2419 605 2465 detulit
626 2419 823 2464 vicarius
841 2420 899 2464 ad
919 2419 1197 2476 pontificem,
1221 2419 1300 2476 qui
1322 2419 1474 2464 omnia
1489 2420 1690 2478 benigne
1711 2420 1843 2464 audi-

158 2540 160 2546 ,
203 2495 287 2549 uit,
305 2503 352 2540 et
369 2496 646 2542 familiariter
672 2512 777 2541 cum
798 2496 969 2541 vicario
989 2496 1102 2554 egit,
1128 2511 1220 2541 non
1241 2498 1300 2543 de
1327 2497 1495 2541 nostris
1516 2498 1664 2541 solum
1685 2499 1838 2550 rebus,

205 2573 288 2617 sed
313 2573 371 2617 de
391 2573 488 2618 suis
508 2574 660 2618 etiam.

294 2651 524 2695 Euenerat
545 2658 695 2696 tamen
719 2652 835 2696 forte
862 2651 868 2710 Ι
895 2658 946 2695 vt
966 2651 1207 2696 infeliciter
1227 2659 1490 2708 pugnarent
1510 2651 1620 2708 galli
1640 2666 1746 2695 cum
1768 2651 1839 2694 hi-

206 2726 376 2784 spanis,
416 2735 463 2773 et
493 2727 728 2772 dissidium
750 2735 985 2786 praeterea
1011 2735 1162 2773 ortum
1190 2727 1309 2773 inter
1335 2729 1499 2773 ducem
1527 2727 1771 2785 guisanum
1799 2734 1846 2773 et

211 2805 448 2849 dominum
471 2805 724 2849 Antonium
747 2806 995 2850 Carrafam.

298 2882 422 2926 Illius
442 2882 642 2926 animum
669 2897 697 2926 a
722 2882 855 2940 gallis
882 2883 1134 2936 auertebat,
1163 2890 1210 2927 et
1231 2883 1289 2927 ad
1316 2897 1474 2940 pacem
1503 2897 1608 2926 curn
1631 2882 1841 2939 Philippo

280 3010 291 3030 ¹
342 3008 418 3043 Ms.
430 3034 440 3053 ,
452 3007 650 3055 paucibus
662 3007 800 3044 diebus
815 3009 958 3055 quibus
970 3007 1113 3055 quibus
1122 3036 1130 3044 .

277 3068 293 3089 ¹
343 3067 443 3114 Ms.,
463 3067 706 3103 sanctitum.

204 3142 208 3146 ·
282 3127 297 3147 ⁸
346 3125 606 3172 SAccmNth,
624 3126 698 3162 loc.
717 3125 789 3162 cit.
800 3152 811 3171 ,
825 3138 864 3162 n.
880 3134 940 3172 72.
975 3160 979 3165 .

351 3197 467 3226 Emsr.
485 3197 523 3226 P.
543 3197 679 3231 Num„
698 3204 774 3226 τοι.
793 3196 826 3226 11
1586 3198 1606 3227 3
