2196 3522
350 262 374 290 2
918 247 963 282 P.
982 245 1170 281 NATALIS
1196 243 1416 278 EPHEMER.

351 353 684 399 conuertendas
706 348 981 395 meretrices.
1007 345 1134 390 Missi
1157 344 1425 388 Tridentum
1443 342 1611 388 Lainez
1628 348 1674 385 et
1689 342 1925 387 Salmeron
1941 347 1993 385 et

354 430 587 476 Claudius.
614 430 882 473 Aduocatus
904 427 1093 468 Romam
1115 422 1263 466 Faber
1290 427 1340 463 vt
1368 419 1637 465 Tridentum
1664 419 1765 472 iret,
1795 417 1993 463 moritur*

346 508 494 566 vprima
516 504 733 562 Augusti.
760 501 986 547 Exercitia
1010 503 1062 544 P.
1089 498 1318 543 Francisci
1340 504 1386 540 et
1406 504 1514 541 vota
1536 508 1607 542 2.a
1625 497 1747 555 Junij
1766 495 1812 539 in
1832 495 1992 553 vigilia.

351 582 662 634 Ascensionis,
687 587 733 624 et
755 580 1020 623 inchoatum
1042 575 1287 633 collegium
1310 574 1605 632 gaudianum,
1625 573 1672 616 in
1689 587 1780 630 quo
1796 573 1992 617 inchoa-

351 668 457 705 runt
479 659 660 716 publice
681 657 824 701 nostri
852 657 1033 700 docere.
1066 655 1283 697 Inchoata
1310 651 1541 695 tribulatio
1568 651 1782 696 Mathiae.
1814 651 1985 695 Valen-

353 739 442 782 tiae
464 736 707 793 collegium
731 734 979 777 fundatum
994 732 1253 788 diplomate.
1284 729 1453 774 Missus
1475 721 1991 773 Bononiam'Domene—

352 818 481 859 chus.
508 816 558 857 In
581 812 780 858 Siciliam
798 811 999 869 Jacobus
1021 808 1254 853 Lhostius.
1288 807 1674 851 Animaduersum
1702 804 1994 849 obedientiae

353 892 680 936 districtionem
703 890 958 941 inchoasse,
983 886 1249 944 praesertim
1266 885 1540 930 intellectus.
1561 882 1780 928 Reuocati
1796 884 1990 927 Romam

353 969 572 1027 magister
595 968 822 1012 Polancus
844 974 889 1010 et
910 964 1127 1021 magister
1149 963 1338 1007 Frusius
1359 976 1515 1006 mense
1537 960 1807 1018 Septembri.
1839 959 1845 1019 Ι

1100 1083 1244 1130 [15]4·7

446 1187 510 1245 P(
542 1201 769 1244 Polancus
811 1197 1080 1243 secretarius
1123 1195 1379 1241 Societatis.
1427 1194 1810 1239 Constitutiones·
1833 1192 1991 1250 incipit

356 1278 473 1323 serio
495 1291 766 1332 componere
790 1278 925 1319 Pater
947 1274 1166 1331 Ignatius.
1194 1275 1363 1330 Magna
1378 1271 1618 1329 occupatio
1635 1271 1682 1314 in
1700 1269 1996 1315 tribulatione

358 1354 573 1399 Mathiae.
599 1347 831 1396 Coniunta
852 1359 921 1395 est
943 1350 1173 1395 tribulatio
1195 1349 1410 1394 Roseriae
1429 1356 1476 1393 et
1502 1347 1767 1393 Barberani.
1798 1349 1834 1391 F
1836 1348 1994 1392 loren-

358 1431 465 1475 tiam
487 1429 589 1473 misi
611 1432 673 1474 M.
700 1431 735 1473 F
738 1420 888 1473 rusius
909 1435 955 1473 et
978 1431 1030 1472 P.
1058 1429 1253 1472 Otellus.
1276 1420 1479 1485 Primum
1497 1425 1640 1470 nostri
1654 1426 1819 1482 legunt
1834 1426 1995 1483 Ing012

358 1508 505 1564 stadij.
524 1551 526 1553 ,
547 1508 823 1551 Laboratum
860 1514 929 1550 est
964 1521 1021 1550 ne
1058 1505 1340 1562 acciperetur
1377 1503 1665 1561 episcopatus
1702 1501 1991 1560 trigestinus..

352 1588 553 1643 Joannes
569 1585 626 1629 de
643 1586 774 1641 Vega
790 1583 836 1626 in
854 1584 1051 1629 Siciliam
1069 1598 1173 1627 cum
1193 1585 1274 1627 P.e
1300 1583 1614 1626 Domenecho.
1634 1579 1755 1624 quit
1773 1582 1826 1624 P.
1852 1581 1995 1637 Igna-

358 1662 450 1706 tius
471 1669 521 1704 vt
542 1660 779 1717 Inquisitio
801 1661 1151 1706 constitueretur
1167 1661 1214 1703 in
1237 1658 1522 1718 Portugallia
1543 1665 1589 1703 et
1611 1660 1781 1704 Romae
1803 1656 1995 1715 expedi-v

358 1810 491 1856 ctitur3
511 1811 753 1847 enucleatius
772 1816 902 1847 tamen
927 1811 1135 1847 Societatis
1158 1811 1473 1859 perturbationes
1496 1811 1546 1846 ab
1570 1810 1680 1846 obitu
1707 1810 1748 1846 S.
1773 1809 1919 1856 Ignatii
1941 1809 1992 1845 ad

359 1869 594 1906 electionem
613 1882 738 1918 usque
752 1871 878 1906 Patris
896 1872 1039 1907 Lainez
1056 1871 1323 1918 prosequitur.

429 1930 475 1964 In
492 1930 664 1966 editione
682 1930 796 1977 hujus
815 1931 966 1977 egregii
989 1931 1232 1967 monumenti
1256 1931 1353 1967 nihil
1379 1930 1771 1978 praetermittendum
1790 1929 1994 1975 duximus,

358 2000 436 2035 quo
453 1989 745 2025 accuratissime
764 1989 891 2037 ipsum
908 1992 1191 2037 autographum
1210 1991 1502 2034 exhiberemus,
1526 1989 1631 2038 quod
1654 2002 1743 2025 cum
1768 1988 1924 2037 raptim,
1951 1994 1995 2024 et

359 2048 493 2083 multis
511 2048 696 2084 adhibitis
714 2048 830 2094 notis,
850 2062 945 2097 quas
963 2051 1277 2086 abbreviationes
1293 2049 1443 2095 dicunt,
1459 2049 1810 2097 frequentibusque
1833 2049 1874 2085 in
1888 2060 1994 2084 ¹mar-

355 2107 515 2153 ginibus
534 2107 798 2143 additionibus
817 2109 865 2143 ab
883 2113 1040 2144 auctore
1059 2114 1260 2144 exaratum
1279 2109 1344 2153 sit,
1363 2108 1467 2144 haud
1483 2110 1572 2144 leve
1590 2108 1794 2155 negotium
1811 2106 1924 2144 nobis
1937 2106 1991 2142 fa-

357 2165 535 2213 cessivit,
554 2166 666 2213 cujus
684 2172 815 2203 tamen
833 2167 992 2203 minime
1010 2179 1080 2204 nos
1099 2168 1290 2216 poenitet,
1309 2174 1352 2205 ut
1376 2167 1548 2204 numeris
1567 2167 1749 2204 omnibus
1773 2167 1996 2203 absolutam

358 2224 596 2272 editionem,·.
605 2231 792 2272 quantum
811 2227 850 2262 in
868 2226 981 2262 nobis
1000 2228 1088 2274 erit,
1109 2228 1365 2275 scriptoribus
1383 2233 1424 2264 et
1445 2226 1631 2263 studiosis
1653 2226 1838 2262 historiae
1861 2225 1996 2262 Socie-

358 2284 451 2320 tatis
469 2284 609 2320 offerre
632 2286 845 2321 valeamus.
872 2287 1014 2322 Veram
1038 2298 1149 2334 porro
1173 2287 1383 2323 lectionem
1413 2286 1644 2335 autographi
1670 2285 1891 2332 generatim
1920 2296 1991 2321 nos

358 2342 539 2389 attigisse
557 2343 840 2380 existimamus.
862 2346 1058 2393 Siquando
1077 2353 1207 2382 autem
1226 2347 1426 2383 obscurior
1443 2352 1510 2395 aut
1527 2346 1646 2382 dubia
1664 2345 1782 2382 lectio
1795 2351 1995 2391 occurret,

359 2414 429 2450 pro
446 2408 581 2439 nostro
598 2415 706 2439 more
724 2404 877 2451 proprio
896 2406 980 2441 loco
998 2407 1287 2443 annotabimus.

431 2462 765 2509 Paragraphorum
782 2465 1062 2511 separationes,
1081 2478 1176 2513 quas
1199 2467 1358 2503 alineas
1381 2471 1537 2511 vocant,
1567 2466 1608 2501 in
1638 2465 1805 2512 singulis
1834 2465 1997 2513 punctis—

361 2521 521 2557 adhibet
545 2521 695 2557 Natalis
721 2522 760 2558 in
785 2522 908 2569 prima
931 2524 1245 2571 Ephemeridum
1273 2530 1398 2573 parte.
1430 2525 1548 2572 Quod
1576 2531 1708 2561 autem
1738 2525 1795 2561 illi
1824 2531 1992 2573 angusta

359 2582 493 2617 charta
506 2581 632 2616 utenti
645 2582 888 2618 commodum
904 2584 1126 2629 eveniebat,
1141 2597 1219 2621 non
1232 2586 1318 2622 sine
1332 2587 1454 2621 multa
1466 2586 1624 2621 chartae
1633 2585 1787 2632 jactura
1799 2597 1871 2622 nos
1883 2598 1998 2634 prae—-

361 2645 465 2676 stare
483 2651 702 2687 possemus;
722 2641 889 2689 ideoque
907 2644 956 2678 ab
975 2643 1051 2688 illis
1070 2645 1206 2691 spatiis
1224 2646 1360 2681 vacuis
1378 2645 1490 2681 nobis
1505 2645 1780 2682 abstinendum
1795 2645 1995 2683 existima-

361 2698 503 2734 vimus.
524 2698 632 2734 Folia
648 2699 796 2746 primae
814 2701 949 2747 partiS,
967 2714 1067 2748 quae
1085 2714 1161 2738 non
1179 2709 1270 2740 sunt
1287 2704 1456 2750 signata,
1474 2715 1496 2739 a
1513 2704 1628 2740 nobis
1646 2716 1808 2740 numero
1831 2704 1996 2750 ordinis,

362 2769 438 2805 quo
456 2758 496 2793 in
513 2759 648 2795 codice
662 2759 810 2805 jacent,
830 2759 869 2795 in
893 2761 978 2807 ipso
1002 2767 1114 2797 textu
1137 2763 1396 2799 crassioribus
1420 2763 1593 2799 numeris
1619 2764 1858 2800 indicantur.
1886 2764 1995 2800 Folia

363 2828 457 2852 vero
474 2818 670 2854 secundae
688 2819 808 2865 partis
827 2819 979 2865 eodem,
992 2833 1074 2867 quo
1093 2822 1132 2856 in
1150 2824 1392 2870 autographo
1409 2823 1705 2869 distinguuntur
1721 2835 1899 2871 numero,
1922 2835 1997 2860 nos

363 2887 517 2923 quoque
536 2889 607 2912 suo
624 2879 709 2913 loeo
726 2877 943 2924 signamus.
975 2880 1054 2916 Ubi
1077 2887 1208 2916 autern
1231 2882 1376 2918 desinit
1400 2882 1524 2930 prima
1548 2883 1791 2929 singulorum
1809 2882 1998 2953 foliorum

362 2936 519 2983 pagina,
538 2923 721 2973 lineolam
738 2942 890 2974 tantum
908 2938 1151 2976 adhibemus.

434 2996 621 3043 Singulae
651 2997 882 3044 autographi
910 2998 1090 3047 paginae,
1125 3012 1193 3047 pro
1224 3014 1330 3038 more
1364 3014 1386 3038 a
1414 3003 1545 3039 Natali
1570 3008 1797 3040 constanter
1819 3009 1982 3040 servato

361 3055 477 3102 signo
494 3056 620 3092 crucis
638 3056 749 3093 initio
762 3062 919 3093 notatae.
937 3064 1059 3101 sunt„

2099 0 2114 10 <z
