2196 3522
395 273 438 301 XI
858 269 1112 305 PROOEMIUM
1138 275 1323 303 SECUNDI
1348 274 1576 302 vomnnms

395 368 587 412 concilio
609 375 852 421 oratorem,
877 368 1095 414 Societati
1117 356 1476 411 addictissimum
1498 380 1548 410 se
1569 366 1848 423 praebuisse,
1873 369 2036 412 Moro—

396 459 501 488 nem
523 451 568 489 et
590 445 756 489 Lainez
782 445 1025 501 prudentia
1053 452 1098 490 et
1127 443 1350 488 modestia
1376 443 1622 500 plurimum
1651 444 1708 487 ad
1735 457 1893 501 pacem
1915 444 2037 488 inter

398 525 558 566 Patres
580 521 851 566 tridentinae
878 522 1039 578 synodi
1061 521 1418 565 conservandam
1450 520 1691 577 profuisse,
1715 535 1772 565 ex
1798 521 1935 565 variis
1956 521 2034 564 lit-

398 599 507 643 teris
523 598 798 643 luculentius
820 598 1006 655 patebit.

487 678 544 719 Et
561 675 768 732 quamvis
789 675 995 719 nonnulli
1017 690 1190 728 eorum,
1215 675 1294 731 qui
1309 675 1503 719 concilio
1520 676 1709 719 aderant
1730 674 1778 718 in
1793 682 1902 719 vota
1922 675 2034 720 sim-

399 753 532 810 plicia
554 752 794 798 Societatis
816 753 1155 806 inveherentur,
1181 752 1382 809 episcopi
1398 752 1445 795 in
1463 751 1899 809 congregationibus
1914 752 2037 797 illam

400 830 611 874 laudibus
633 831 911 874 extollebant
933 830 1085 887 (Majo,
1117 831 1167 874 18
1183 830 1297 888 Jul.,
1322 844 1350 888 9
1372 830 1500 886 Aug.
1525 829 1618 886 63.)

491 909 542 951 IN
560 909 742 962 ITAL1A,
762 907 929 952 Lainez
946 907 1074 951 initia
1090 907 1271 964 collegii
1288 906 1524 950 mantuani
1542 906 1687 963 ponit,
1707 906 1886 963 aliaque
1902 921 2040 964 egre-—

404 985 480 1042 gia
507 984 554 1027 in
581 984 657 1027 illa
686 985 798 1028 urbe
826 999 917 1028 non
946 984 1042 1028 sine
1077 983 1350 1028 valetudinis
1384 983 1515 1041 gravi
1543 984 1725 1040 Jactura
1752 984 1930 1040 perficit
1966 986 2043 1042 (23

405 1063 536 1106 Febr.
571 1062 659 1118 63).
692 1061 946 1106 Cardinalis
972 1060 1208 1104 mantuani
1236 1061 1451 1117 Herculis
1477 1062 1729 1118 Gonzagae
1757 1060 1804 1104 in
1832 1060 2043 1107 Societa-
2103 1102 2105 1105 .
2153 1072 2156 1078 ¹
2192 1037 2196 1042 Ι

406 1146 497 1184 tem
518 1139 741 1184 beneficia
762 1147 808 1184 et
835 1138 908 1196 pia
929 1153 1053 1182 mors
1080 1138 1232 1182 Natali
1260 1138 1528 1182 nuntiantur
1557 1139 1600 1196 (9
1627 1145 1673 1182 et
1707 1151 1759 1193 14
1786 1141 1920 1183 Mart.
1946 1132 2050 1196 63).¹

405 1216 760 1261 Mediolanensis
776 1212 955 1273 collegii
976 1215 1200 1260 institutio
1221 1230 1301 1273 per
1323 1215 1597 1260 cardinalem
1620 1210 1946 1261 Borromaeum
1967 1216 2042 1259 in—

406 1300 579 1338 stanter
600 1301 904 1350 promovetur,
929 1308 1111 1350 operam
1137 1292 1477 1338 conferentibus
1507 1307 1612 1337 cum
1634 1292 1882 1337 Laurentio
1905 1295 2041 1351 Mag-
2107 1313 2111 1316 ’
2131 1300 2134 1302 ’
2155 1303 2159 1305 ’

406 1370 499 1427 gio,
525 1370 678 1427 legato
701 1372 877 1427 Vargas
899 1378 944 1414 et
965 1372 1082 1416 duce
1103 1372 1162 1414 de
1182 1372 1333 1416 Sessa:
1365 1370 1561 1427 optimae
1589 1371 1721 1415 sedes
1748 1370 1938 1415 aedibus
1959 1371 2042 1415 de-

406 1447 613 1504 liguntur
648 1449 714 1505 (21
748 1449 872 1504 Sept.
905 1449 992 1505 63).
1025 1448 1302 1493 Benedictus
1325 1447 1526 1492 Palmius
1547 1462 1717 1505 magno
1745 1448 1966 1505 applausu
1995 1447 2044 1491 in

408 1526 565 1569 eadem
588 1526 701 1569 urbe
723 1525 1016 1569 concionatur
1039 1526 1110 1583 (18
1127 1526 1220 1583 Jul.
1246 1525 1333 1583 63).
1387 1565 1396 1571 .

497 1603 547 1645 IN
569 1603 775 1656 GALLIA,
800 1603 1093 1659 collegiorum
1116 1602 1374 1647 rutenensis
1391 1609 1437 1646 et
1459 1602 1650 1646 tolosani
1666 1601 1853 1659 negotia
1870 1601 2051 1647 felicius
2111 1643 2115 1646 ,

408 1679 650 1723 decurrere
672 1678 947 1736 incipiebant
968 1681 1014 1723 in
1036 1681 1174 1725 finem
1193 1687 1417 1737 vergente
1445 1694 1566 1724 anno
1593 1681 1721 1735 15623
1753 1679 1940 1724 Parisiis
1960 1693 2048 1724 au-

409 1763 500 1800 tern
523 1751 754 1800 saeviebat
774 1757 873 1801 lues
899 1757 1079 1811 infesta,
1112 1773 1202 1813 qua
1223 1757 1352 1801 venis
1373 1760 1554 1812 hausta,
1573 1757 1879 1802 decumbebat
1900 1758 2045 1801 Broe-
2070 1760 2073 1762 ’

410 1833 501 1876 tius
522 1847 626 1876 cum
650 1835 821 1877 Ottone
845 1833 1096 1878 Briamont:
1129 1836 1398 1879 Edmundus
1427 1836 1605 1892 Anger,
1637 1835 1854 1879 Morellus
1881 1840 1927 1879 et
1948 1834 2046 1878 Co·-

408 1911 585 1954 drettus
619 1911 772 1954 fructu
811 1913 934 1954 haud
970 1912 1247 1968 poenitendo
1278 1912 1608 1956 concionantur
1641 1913 1684 1969 (4
1717 1913 1834 1957 Dec.
1870 1912 1951 1966 623
1987 1921 2046 1966 25
2120 1916 2122 1918 ’

410 1987 516 2043 Maj.
538 1987 625 2044 63).
643 1988 764 2032 Socii
782 1990 994 2033 Turnone
1011 1989 1256 2043 deturbati,
1270 2005 1397 2046 spem
1413 1989 1605 2046 proximi
1620 2003 1859 2047 regressus
1874 1988 1922 2032 in
1937 2003 2047 2046 pro—

409 2064 529 2120 prias
550 2065 681 2109 sedes
698 2064 975 2122 concipiunt.
997 2068 1240 2111 Manareus
1262 2066 1600 2110 commissarius
1616 2066 1794 2111 Galliae
1810 2064 2044 2111 renuntia-

411 2148 501 2194 tur,
527 2148 572 2186 et
598 2156 624 2184 a
644 2141 794 2185 Natali
816 2143 873 2185 de
894 2142 1067 2187 ratione
1088 2144 1226 2199 hujus
1243 2143 1379 2187 officii
1395 2151 1519 2188 recte
1542 2143 1821 2199 exsequendi
1837 2143 2048 2196 edoctus,

413 2218 610 2261 Parisios
631 2218 826 2263 mittitur
856 2221 1058 2278 (18Ju1.,
1085 2233 1127 2275 7,
1166 2234 1211 2264 11
1239 2228 1285 2265 et
1319 2235 1375 2277 30
1404 2223 1530 2278 Sept.
1557 2220 1646 2278 63).
1674 2222 1727 2264 P.
1759 2220 2055 2264 Maldonatus

413 2294 611 2338 Parisios
633 2310 737 2338 cum
767 2298 820 2339 P.
853 2298 1067 2353 Venegas
1095 2298 1349 2343 destinatur
1371 2299 1442 2356 (22
1467 2299 1595 2351 Oct.,
1627 2312 1655 2355 9
1683 2298 1802 2341 Nov.
1837 2297 1912 2352 63,
1937 2296 2049 2352 etc.)

411 2374 463 2415 In
485 2372 584 2415 aliis
606 2373 789 2416 tandem
809 2373 963 2416 multis
988 2375 1173 2418 Polanci
1195 2374 1413 2431 epistolis,
1433 2375 1491 2417 de
1508 2375 1646 2419 rebus
1666 2373 1859 2426 Galliae,
1879 2374 1938 2416 de
1959 2387 2048 2417 no—

411 2448 482 2492 vis
510 2449 715 2506 collegiis
737 2464 985 2505 eorumque
1007 2466 1240 2505 successu,
1260 2453 1317 2496 de
1345 2451 1680 2497 haereticorum
1701 2449 1965 2508 pertinacia,
1990 2451 2052 2494 de

413 2525 633 2582 operariis
670 2526 868 2571 strenuis
905 2535 951 2570 et
987 2528 1218 2585 magistris
1255 2528 1436 2574 selectis
1472 2529 1530 2572 ad
1566 2527 1760 2585 collegia
1795 2526 2050 2580 mittendis,

412 2603 602 2660 aliisque
632 2605 769 2647 rebus
798 2604 963 2660 passim
994 2606 1141 2649 nuntii
1169 2606 1298 2660 varii,
1330 2622 1411 2663 per
1444 2605 1682 2663 episcopos
1710 2606 1785 2650 vel
1813 2605 2058 2662 theologos

414 2681 559 2738 gallos
582 2681 850 2726 Tridentum
874 2683 1139 2736 transmissi,
1165 2698 1270 2727 cum
1291 2683 1443 2728 Natali
1464 2682 1875 2727 communicantur.

503 2759 777 2801 HISPANIAE
800 2758 925 2811 socii,
951 2759 1037 2802 sub
1059 2760 1193 2804 novis
1223 2759 1584 2805 moderatoribus
1612 2774 1639 2802 a
1666 2758 1819 2804 Natali
1848 2763 2060 2804 recenter

414 2834 690 2887 constitutis,
717 2834 981 2891 diligentem
1005 2851 1187 2892 operam
1210 2838 1256 2880 in
1276 2837 1479 2895 genuino
1501 2836 1745 2882 Societatis
1765 2835 1927 2893 spiritu
1948 2848 2059 2892 pro—
2126 2869 2130 2878 ,

421 2912 650 2954 movendo
671 2925 720 2955 se
741 2926 909 2955 navare
931 2926 988 2955 ex
1009 2913 1145 2957 variis
1166 2914 1368 2970 epistolis
1390 2914 1708 2967 ostendebant,
1733 2926 1925 2969 quarum
1942 2911 2061 2955 aliae

418 2994 526 3030 sunt
563 3002 735 3041 eorum,
769 2988 846 3044 qui
879 2989 937 3032 ad
969 2990 1291 3034 transmarinas
1319 2990 1559 3035 missiones
1585 2991 1660 3035 vel
1692 2989 1741 3033 in
1761 2987 2055 3034 Germaniam

414 3064 660 3117 inhiantes,
686 3067 804 3108 hanc
826 3080 853 3108 a
871 3068 922 3109 P.
951 3067 1097 3109 Nadal
1113 3066 1197 3109 sibi
1220 3067 1338 3111 viam
1362 3067 1504 3112 sterni
1526 3068 1820 3124 exoptabant,
1839 3065 1909 3123 (25
1927 3066 2055 3123 Jan.,

2182 3095 2196 3125 ’ἢ
