2196 3522
355 240 424 276 668
978 238 1117 274 Erus-r.
1145 237 1175 273 P
1184 263 1193 273 .
1225 236 1377 275 NADAL

1147 411 1206 454 LI

811 506 1252 549 STANISLAUS
1283 511 1538 550 HOSIUS

939 589 1146 625 cardinalis
1165 588 1396 625 varmiensis

847 682 988 712 PATRI
1007 681 1181 721 JOANNI
1203 682 1263 712 DE
1282 681 1500 713 POLANCO

678 758 1064 814 Heilsbergae,
1105 772 1133 815 9
1170 758 1414 814 Augusti
1457 759 1583 814 1565
1628 761 1656 803 ¹.

752 848 813 883 De
831 847 948 883 rebus
966 847 1162 882 Poloniae
1180 850 1217 882 et
1230 858 1327 882 suae
1346 848 1577 884 dioeceseos.

437 927 548 971 Rde.
578 928 730 978 Pater,
756 924 899 969 amice
921 924 967 967 in
990 923 1174 967 Christo
1197 923 1474 969 charissime.
1501 926 1673 982 Accepi
1690 929 1870 972 tandem
1887 928 1984 972 lite-

346 1002 419 1031 ras
440 989 499 1031 D.
526 987 603 1038 V.‚
630 985 795 1041 quibus
818 983 930 1029 meis
952 983 1209 1039 respondet.
1237 983 1433 1027 Comitia
1460 985 1809 1041 petricouiensia
1831 1002 1990 1033 reuera

346 1062 438 1090 non
459 1047 718 1089 habuerunt
740 1059 844 1088 eum
867 1042 1038 1086 exitum
1057 1077 1066 1095 ,
1097 1057 1232 1098 quem
1263 1043 1573 1099 cupiebamus.
1604 1045 1793 1090 Fuimus
1814 1046 1876 1090 ibi
1897 1048 1988 1091 duo

347 1106 620 1150 cardinales:
652 1103 938 1160 praestiterat
975 1117 1029 1147 eo
1066 1117 1299 1157 nunquam
1336 1102 1535 1147 venisse.
1574 1106 1624 1147 In
1661 1105 1858 1149 diocoesi
1891 1106 1986 1164 [sic]

347 1181 463 1219 mea,
488 1165 606 1208 sicut
628 1170 760 1208 antea
783 1161 939 1218 scripsi
969 1163 1002 1215 ²,
1035 1161 1159 1206 dedit
1187 1161 1479 1206 nihilominus
1507 1165 1635 1208 Deus
1657 1165 1986 1222 benignitatem

347 1240 492 1277 suam,
519 1224 640 1280 quod
668 1222 862 1278 quietior
892 1221 977 1264 fuit
1004 1222 1117 1265 haec
1146 1220 1349 1277 proxima
1377 1222 1615 1277 quam-illa
1645 1224 1852 1281 superior
1873 1240 1986 1282 qua-

345 1283 619 1341 dragesima,
645 1281 731 1325 nisi
755 1282 892 1337 quod,
919 1295 1054 1337 quem
1078 1295 1166 1337 ego
1187 1280 1490 1337 proscriptum
1512 1283 1711 1326 externis
1734 1283 1845 1328 meis
1866 1282 1986 1329 anno

346 1343 595 1400 superiore,
621 1342 685 1385 sic
708 1340 870 1384 vestris
891 1338 1150 1383 volentibus
1171 1339 1474 1394 restitueram‚
1505 1343 1626 1398 apud
1647 1358 1751 1387 eum
1773 1343 1885 1386 nihil
1906 1359 1986 1388 ve-

346 1403 428 1447 stri
450 1403 757 1459 profecerunt,
782 1407 828 1444 et
849 1406 917 1443 est
940 1412 1062 1442 nunc
1094 1398 1365 1455 pertinacior
1393 1414 1527 1455 quam
1556 1401 1641 1444 fuit
1668 1410 1823 1457 antea3
1850 1418 1984 1459 quam

346 1464 404 1506 ob
426 1476 610 1506 causam
633 1475 737 1504 eum
755 1460 906 1503 denuo
929 1458 1209 1514 proscribere
1230 1472 1330 1501 sum
1348 1468 1548 1503 coactus.
1571 1460 1839 1505 Trideistam
1858 1462 1992 1507 illum·

344 1522 609 1579 palatinum,
629 1519 897 1571 vilnensem,
917 1532 1018 1561 esse
1039 1524 1267 1560 mortuum
1289 1517 1377 1560 iam
1399 1518 1574 1575 pridem
1592 1521 1649 1563 ad
1663 1535 1746 1564 vos
1761 1522 1982 1578 perlatum

342 1596 444 1626 esse
466 1587 595 1638 puto.
622 1579 746 1623 Nihil
767 1578 921 1634 itaque
943 1577 1105 1620 vestris
1126 1578 1182 1620 ab
1214 1576 1289 1621 illo
1318 1579 1613 1622 metuendum
1644 1579 1732 1624 iam
1760 1581 1860 1624 erit.
1886 1583 1983 1626 Do—

344 1641 528 1684 lendum
547 1646 615 1684 est
638 1638 759 1694 quod
781 1652 872 1680 non
894 1636 952 1679 sit
974 1643 1181 1680 mortuus
1202 1643 1308 1680 ante
1330 1651 1392 1680 XV
1422 1652 1580 1691 annos,
1614 1639 1763 1683 minus
1785 1640 1889 1684 mali
1912 1641 1982 1684 vi·-

345 1700 486 1744 disset
507 1698 719 1751 Polonia,
750 1696 900 1740 minus
928 1695 1062 1739 etiam
1091 1695 1375 1739 cruciatuum
1403 1696 1522 1740 illius
1555 1698 1703 1742 anima
1733 1714 1855 1743 nunc
1876 1715 1981 1757 per-

341 1759 623 1804 sentisceret.
651 1757 835 1801 Vtinam
858 1762 1010 1800 autem
1034 1754 1167 1798 simul
1189 1755 1388 1799 extincta
1409 1755 1467 1799 sit
1488 1756 1608 1800 illius
1625 1758 1840 1812 haeresis,
1865 1774 1981 1815 quae

340 1818 468 1876 viget
490 1816 800 1869 nihilominus,
825 1829 911 1859 nec
933 1814 1028 1858 suis
1049 1821 1118 1858 est
1140 1814 1342 1870 patronis
1363 1815 1601 1859 destituta.

430 1876 693 1921 Pultouiam
716 1883 763 1918 vt
784 1881 960 1918 vestros
982 1873 1171 1916 mittatis
1194 1875 1381 1927 suadeo,
1406 1883 1579 1919 semota
1608 1875 1770 1931 quauis
1792 1885 1981 1922 cuncta—

339 1937 476 1980 tione.
503 1936 730 1991 Deinceps
752 1933 850 1990 alijs
873 1947 1054 1989 quoque
1074 1932 1186 1976 locis
1207 1933 1402 1990 prospici
1424 1935 1604 1990 poterit.
1633 1937 1781 1980 Breue
1797 1937 1854 1981 de
1870 1952 1979 1994 pro-

338 1996 565 2041 mouendo
587 1995 644 2038 ad
665 2008 816 2038 sacros
838 1992 1034 2045 ordines,
1064 1991 1153 2034 iam
1180 1993 1348 2046 habeo,
1380 2000 1426 2036 et
1454 2008 1510 2037 ex
1543 1994 1704 2039 vestris
1732 1996 1848 2039 duos
1869 2011 1976 2053 pro-

338 2055 477 2108 moui,
498 2056 686 2100 Scotum
705 2060 750 2098 et
767 2052 999 2098 Simonem
1018 2053 1309 2108 Hageuaum.
1336 2051 1489 2095 R,dum
1506 2053 1737 2097 dominum
1755 2054 1974 2100 vicarium

336 2130 427 2159 vna
454 2128 558 2158 cum
588 2116 644 2157 P.
682 2113 945 2157 Salmerone
968 2118 1027 2154 et
1055 2110 1239 2154 Canisio
1268 2112 1434 2155 salutet
1459 2113 1611 2157 verbis
1639 2114 1766 2166 meis,
1798 2114 1975 2159 etiamsi

336 2189 422 2218 nec
444 2175 636 2218 salutem
659 2171 722 2214 illi
745 2186 828 2215 nec
849 2170 1002 2213 literas
1024 2171 1082 2213 ad
1103 2184 1176 2213 me
1197 2171 1436 2225 dederunt;
1463 2173 1544 2215 sed
1565 2172 1631 2216 sic
1662 2179 1732 2217 est
1754 2188 1851 2217 mos
1873 2173 1972 2218 illo—

335 2249 460 2286 rum,
486 2232 727 2289 praecipue
751 2233 807 2274 P.
839 2228 1109 2275 Salmeroni.
1152 2231 1269 2273 Nam
1301 2230 1414 2274 alter
1441 2231 1682 2276 officiosior
1710 2239 1861 2277 tamen
1884 2241 1969 2278 est.

336 2292 501 2338 Calicis
532 2306 625 2334 non
656 2305 760 2335 eum
782 2303 1044 2333 successum
1068 2290 1296 2343 futurum,
1328 2304 1462 2345 quem
1494 2290 1796 2347 opinabantur
1823 2293 1969 2347 multi,

334 2353 524 2409 pridem,
550 2350 823 2407 augurabar;
848 2349 1142 2403 quamobrem
1164 2348 1288 2404 prius
1310 2348 1487 2392 restitui
1515 2350 1678 2394 missae
1699 2350 1971 2396 sacrificium

335 2411 594 2468 cupiebant,
619 2410 675 2452 ab
698 2408 769 2464 ijs,
802 2422 994 2463 quorum
1024 2421 1162 2450 causa
1191 2408 1452 2464 petebatur,
1484 2423 1618 2464 quam
1646 2410 1704 2454 de
1726 2410 1866 2454 calice
1887 2412 1970 2455 de-

334 2472 605 2515 cernebatur
627 2467 809 2523 aliquid.
837 2467 975 2522 Quod
996 2467 1053 2509 ad
1075 2467 1361 2511 sacerdotum
1384 2467 1650 2525 coniugium
1674 2469 1850 2523 attinet,
1876 2485 1968 2514 non

334 2530 466 2573 video
489 2529 598 2585 quid
625 2526 794 2584 sperari
821 2525 982 2569 melius
1009 2525 1165 2582 possit:
1199 2525 1371 2569 vtinam
1401 2527 1496 2570 tolli
1523 2535 1676 2584 posset
1705 2527 1899 2573 ebrietas
1920 2529 1968 2573 in

333 2588 594 2634 Germania:
620 2601 711 2630 non
733 2585 796 2628 ita
817 2599 983 2641 magno
1011 2584 1204 2641 negocio
1231 2585 1324 2628 vita
1353 2600 1534 2642 quoque
1563 2587 1796 2630 tolleretur
1817 2587 1967 2645 impu-

332 2649 451 2692 dica.
484 2647 621 2703 Quod
643 2645 680 2689 si
702 2660 782 2701 per
802 2651 999 2687 vestram
1027 2643 1300 2688 Societatem
1322 2659 1414 2688 non
1435 2645 1499 2689 ita
1522 2645 1657 2690 fuerit
1690 2653 1815 2691 aetas
1837 2654 1966 2692 tene-

332 2707 424 2751 rior
444 2708 652 2758 educata,
675 2711 726 2747 vt
746 2703 889 2760 possit
909 2718 1016 2748 vere
1038 2703 1233 2747 caelibes
1254 2703 1484 2748 ministros
1505 2705 1636 2748 nobis
1658 2706 1961 2762 suppeditare,

331 2782 424 2810 non
445 2766 578 2810 video
599 2763 721 2820 quod
743 2762 864 2806 aliud
893 2762 1142 2806 remedium
1163 2762 1359 2807 inueniri
1387 2763 1546 2819 possit.
1585 2765 1675 2809 Sed
1699 2779 1963 2820 persuasum

331 2833 400 2870 est
422 2825 691 2882 quibusdam
713 2821 1035 2879 impossibilem
1051 2835 1151 2865 esse
1167 2821 1507 2876 continentiam,
1528 2838 1644 2879 quae
1661 2823 1769 2866 mihi
1786 2824 1965 2869 videtur

399 2967 412 2989 ¹
463 2968 521 3003 Ex
539 2966 767 3011 archetypo,
785 2963 826 2999 in
847 2962 942 2999 Cod.
964 2962 1025 3010 38,
1043 2962 1188 3010 duplici
1205 2962 1289 3010 fol.,
1311 2972 1374 2999 121
1394 2966 1509 3010 (199).

400 3017 414 3037 ²
465 3013 566 3050 Vide
584 3011 770 3060 append.,
789 3010 834 3046 L.
