2196 3522
886 259 930 295 16
954 257 1173 297 Ocronms
1200 258 1291 305 1563
1367 253 1372 258 ”
1834 271 1905 308 415

271 362 494 420 preciosa,
516 361 561 405 13
582 361 689 418 qual
709 375 797 405 con
819 367 948 405 tanto
969 375 1095 405 amor
1115 376 1164 406 se
1185 361 1393 406 derramc'>
1414 377 1496 420 por
1517 362 1579 406 mi
1601 363 1748 417 salud,
1772 379 1803 420 y
1825 378 1908 421 por

271 440 315 485 el
337 441 442 497 qual
463 442 644 497 querria
672 453 733 496 yo
758 439 840 482 dar
867 437 929 482 mi
955 438 1062 483 bida
1089 453 1148 483 en
1174 453 1276 483 esas
1303 439 1454 484 Indias
1467 474 1478 493 ,
1508 441 1826 498 ayudandome
1852 456 1909 486 su

274 518 529 575 Magestad,
548 517 605 562 de
627 516 764 573 quien
786 531 921 560 mana
942 516 1049 560 todo
1070 516 1208 561 deseo
1228 517 1395 561 bueno.
1422 518 1493 560 En
1512 518 1580 561 los
1597 525 1751 562 santos
1767 518 1908 563 sacri-

272 593 401 638 ficios
422 600 510 639 ete.

362 673 399 716 F
401 673 514 716 echa
530 686 557 715 a
578 671 670 728 xiiij
689 671 746 715 de
763 671 959 724 Otubre,
983 677 1073 715 ano
1093 672 1152 716 de
1171 670 1251 714 mil
1272 671 1431 728 Dinij.
1453 673 1524 716 De
1541 672 1731 728 Murcia.
1750 673 1911 718 Sierbo

361 752 387 793 ἑ
408 748 564 792 indino
586 747 646 805 ijo
669 748 727 793 de
748 749 807 792 V.
836 749 888 792 P.

1063 900 1236 960 Mum
1270 916 1333 946 DE
1365 903 1675 948 SALAMANCA.
1701 902 1731 961 †

363 982 420 1025 In
449 984 617 1038 quarta
637 981 843 1038 pagina:
867 980 984 1025 IHS.
1014 979 1075 1023 Al
1103 993 1213 1036 muy
1241 980 1356 1023 Rdo.
1388 993 1447 1023 en
1476 979 1660 1024 Christo
1689 981 1838 1025 Padre
1871 982 1914 1026 el

274 1059 328 1102 P.
355 1060 553 1103 Maestro
565 1057 722 1102 ²Nadal
733 1091 744 1112 ,
773 1056 990 1100 visitador
1006 1057 1193 1114 general
1209 1056 1268 1102 de
1284 1057 1328 1100 la
1344 1057 1597 1114 Compafiia
1613 1058 1671 1102 de
1687 1058 1806 1102 IHS.
1826 1064 1910 1101 etc.

273 1137 433 1188 Roma,
458 1139 486 1179 ό
506 1134 660 1179 donde
686 1133 930 1179 estuuiere.
960 1133 1070 1176 Alia
1098 1147 1265 1176 manu:
1299 1134 1425 1190 1563.
1458 1133 1649 1178 Murcia.
1684 1134 1914 1179 Giovanni

272 1213 331 1257 de
352 1212 635 1264 Sahmanca,
667 1224 719 1266 14
740 1211 799 1256 de
819 1211 1030 1255 Ottobre.
1055 1210 1216 1268 Sigilli
1235 1212 1497 1269 vestigium.

1026 1375 1154 1417 ὅντε

630 1470 775 1511 οττο
802 1471 1108 1509 TRUCHSEss
1135 1472 1206 1508 DE
1232 1446 1558 1510 ΨΑιοΒυκᾷ

694 1565 903 1604 cardinalis
932 1572 973 1603 et
1001 1567 1209 1615 episcopus
1243 1573 1484 1614 augustanus

515 1664 781 1708 PATRI*
809 1663 1307 1707 HIERONYMO
1355 1664 1639 1708 NADAL

807 1784 868 1816 ΕΤ
901 1785 945 1814 Β.
982 1783 1139 1815 PETRO
1171 1784 1366 1815 CAN1810

735 1885 969 1923 uAGAzAm,
998 1875 1041 1914 16
1066 1885 1277 1913 ocronms
1305 1876 1397 1923 1563
1426 1880 1452 1913 ¹.

269 1984 305 2011 1.
335 1974 523 2010 Adventu
551 1973 752 2008 sociorum
776 1974 856 2020 pro
884 1982 987 2008 novo
1016 1972 1186 2020 collegio
1216 1972 1414 2021 Dilingae
1444 1973 1668 2009 inchoando
1692 1975 1910 2022 gaudet.-

318 2051 323 2055 -
340 2043 377 2070 2.
395 2034 522 2070 Aedes
539 2032 639 2080 ipsis
654 2032 859 2068 adornare
875 2032 1103 2079 spondet.-
1108 2041 1142 2078 3,
1158 2041 1199 2076 4.
1216 2031 1418 2068 Pecunias
1430 2033 1628 2080 librosque
1640 2030 1911 2081 promittit.—

339 2104 376 2138 5.
403 2092 614 2140 Templum
630 2091 810 2138 amplius
826 2089 1044 2138 aedificare
1061 2091 1308 2127 statuit.-—6.
1329 2091 1448 2139 Spem
1473 2092 1616 2128 bonam
1632 2093 1806 2140 foveant
1831 2095 1914 2131 Pa-

341 2154 423 2188 tres
439 2151 543 2186 nihil
565 2150 663 2197 ipsis
687 2148 1032 2196 defuturum.—7.
1061 2148 1247 2197 Capituli
1271 2161 1484 2186 consensus
1508 2151 1714 2188 obtinendi
1734 2153 1844 2189 viam
1871 2165 1911 2190 se

341 2221 453 2246 nosse
470 2210 544 2245 ait.
1785 2215 1789 2220 “

366 2306 403 2338 1.
498 2291 600 2338 Rdi.
626 2291 670 2335 in
694 2293 815 2348 Xpo.
837 2290 990 2345 Padri,
1010 2291 1173 2337 fratelli
1189 2291 1294 2337 miei
1315 2292 1581 2337 charissimi.
1602 2295 1650 2338 Io
1666 2310 1758 2339 non
1775 2310 1909 2352 posso

271 2370 390 2415 assai
411 2369 666 2428 ringratiar'
692 2368 798 2421 Dio,
823 2369 910 2412 che
930 2367 975 2424 uj
993 2368 1131 2412 habbi
1154 2369 1266 2412 fatto
1283 2376 1444 2425 questa
1460 2370 1615 2428 grazia
1629 2372 1715 2415 che
1732 2386 1810 2428 per
1825 2387 1909 2416 sua

272 2448 412 2491 bontz'a
433 2463 459 2501 e
479 2448 523 2490 13
542 2445 717 2491 charite
736 2446 810 2489 del
834 2447 886 2489 P.
912 2446 1094 2501 Laynez
1115 2445 1242 2488 siano
1264 2445 1422 2490 venuti
1444 2447 1459 2468 ²
1482 2454 1627 2503 parte,
1651 2455 1698 2492 et
1712 2456 1839 2504 parte
1861 2448 1908 2492 in

265 2524 348 2571 nia
369 2523 484 2568 tanti
505 2525 520 2546 ³
539 2522 674 2576 santi,
692 2530 738 2567 et
755 2520 997 2566 sufficienti
1018 2521 1206 2575 homini,
1225 2536 1306 2579 per
1325 2521 1358 2565 il
1377 2523 1572 2580 collegio
1593 2525 1774 2570 nouello
1789 2525 1908 2570 della

343 2723 351 2742 ¹
402 2720 462 2756 Ex
478 2724 723 2767 transumpto
740 2730 902 2762 coaevo,
921 2730 1011 2754 cum
1029 2717 1371 2755 emendationibus
1389 2731 1507 2757 manu
1520 2721 1565 2755 P.
1581 2720 1705 2756 Nadal
1720 2721 1906 2767 exaratis,

267 2780 308 2816 in
328 2779 424 2816 Cod.
447 2779 491 2822 L,
509 2778 656 2826 duplici
672 2778 741 2815 fol.
761 2778 808 2824 89
829 2778 906 2824 (89,
925 2777 1025 2823 345).

337 2841 352 2862 2
401 2837 515 2874 Prius
532 2849 555 2873 a
571 2836 728 2874 librario
744 2836 933 2884 scriptum
955 2836 1031 2873 fuit
1049 2837 1203 2880 uenuti,
1224 2836 1368 2873 deinde
1391 2837 1560 2884 Natalis,
1577 2839 1651 2875 hoc
1680 2839 1802 2875 verbo
1815 2850 1905 2876 ean-

266 2899 424 2943 cenato,
454 2909 570 2945 supra
594 2908 751 2933 versum
774 2895 930 2944 scripsit
953 2897 1074 2932 tanti.
1093 2895 1283 2942 Tandem,
1301 2895 1432 2933 deleta
1455 2898 1527 2934 hac
1545 2897 1833 2946 emendatione,
1863 2898 1905 2936 in

269 2957 446 3005 margine
469 2956 650 2993 restituta
667 2960 729 2992 est
746 2955 850 3004 prior
867 2955 1058 3003 scriptura
1076 2956 1125 2991 ab
1142 2954 1228 3002 ipso
1244 2955 1289 2991 P.
1309 2955 1448 2992 Nadal.

341 3018 358 3039 ³
405 3015 604 3053 Librarius
620 3015 830 3063 scripserat
846 3016 993 3059 tenuti,·
1010 3015 1096 3062 sed,
1113 3015 1344 3062 cancellato,
1361 3016 1435 3052 hoc
1452 3017 1588 3062 verb0‚
1606 3016 1651 3053 Ρ.
1671 3016 1794 3053 Nadal
1811 3018 1906 3054 seri-

269 3077 349 3126 psit
365 3087 482 3124 supra
499 3075 619 3111 tanti.
