2196 3522
313 235 383 273 474
715 240 718 242 ·
874 224 1022 259 EPIST.
1049 222 1094 257 P.
1122 221 1393 268 NADAL—340

314 328 422 372 uino
443 342 547 371 cum
571 325 681 383 ogni
708 324 896 378 charit513
929 324 1095 381 perche
1123 324 1164 366 al
1192 323 1282 367 mio
1311 331 1468 380 parere
1496 324 1541 367 lo
1570 323 1745 377 merita,
1777 330 1823 367 et
1853 323 1946 367 sarii

313 419 446 462 spero
467 404 640 461 grande
663 403 820 455 frutto‚
846 416 937 445 non
959 401 1210 445 solamente
1231 401 1350 444 nella
1371 400 1673 458 Compagnia,
1708 416 1781 445 ma
1807 400 1946 445 etiam

312 483 473 527 adesso
494 480 541 524 in
563 486 724 536 questo
746 486 897 535 tempo
920 480 1005 523 che
1022 480 1142 522 stara
1158 477 1203 521 di
1221 478 1350 521 fuora
1366 477 1412 520 in
1434 477 1701 522 Wormatia:
1722 493 1827 522 cum
1845 491 1947 522 esso

312 560 477 604 mando
500 572 578 615 per
599 557 630 600 il
651 556 844 614 collegio
867 555 912 599 di
935 555 1176 612 Moguntia
1197 569 1287 598 vno
1314 554 1592 608 coadiutore‚
1623 555 1654 598 il
1683 556 1817 611 quale
1844 558 1946 600 sarii

310 636 359 679 in
388 642 548 691 questo
567 634 722 692 viagio
753 622 1007 690 compagno
1034 632 1108 676 dal
1133 633 1259 675 detto
1288 631 1526 688 Phylippo,
1558 639 1604 675 et
1631 633 1656 676 ὁ
1684 632 1715 676 11
1742 632 1945 692 Antonio

312 712 463 756 Vinck
484 718 649 769 nepote
670 711 760 754 mio
782 725 839 754 ex
858 708 1019 769 [patre]
1046 711 1056 730 ¹
1081 693 1328 752 secandum
1350 723 1552 752 carnem.
1727 697 1729 699 ’

400 791 441 833 Α
464 793 613 847 tergo:
645 789 675 846 †
707 789 812 832 Allo
834 788 973 830 molto
996 787 1106 830 Rdo.
1132 786 1179 829 in
1201 786 1384 830 Christo
1414 787 1561 831 Padre
1588 786 1619 829 11
1649 789 1701 830 P.
1733 789 1794 831 M.
1830 786 1947 831 Hie-

311 867 485 910 ronimo
522 867 685 918 NadaL
724 864 1032 909 commissario
1068 864 1283 921 generale
1319 863 1437 907 della
1474 863 1758 920 Compagnia
1794 863 1840 906 di
1866 866 1947 922 Je-

310 959 392 988 sus
426 951 534 997 etc.,
574 943 622 987 in
659 945 875 999 Augusto
913 956 940 983 o
978 940 1178 998 Dilinga.
1214 941 1322 984 Alia
1353 956 1511 984 manu:
1542 939 1690 999 [1563]
1727 942 1941 985 Treuere.

312 1024 363 1066 P.
388 1020 590 1065 Antonio
613 1020 777 1065 Vinck.
813 1032 840 1073 4
868 1018 913 1061 di
945 1018 1212 1062 Decembre.
1247 1020 1354 1061 Non
1375 1022 1497 1061 extat
1516 1019 1665 1076 sigilli
1684 1019 1944 1076 vestigium,

311 1099 388 1142 sed
409 1113 464 1141 ex
486 1099 718 1155 plicatura
745 1100 786 1139 et
804 1091 1139 1155 foraminibzis,
1168 1110 1269 1138 cum
1292 1096 1582 1152 praecedenti
1609 1096 1793 1152 epistola
1821 1096 1945 1152 liga-

310 1181 403 1220 tam
426 1180 467 1219 et
487 1177 776 1233 obsignatam
793 1175 949 1232 fuisse
977 1176 1180 1230 apparet.

1060 1322 1183 1362 340

805 1425 848 1460 P.
878 1423 1208 1460 FRANCISCUS
1232 1396 1443 1460 sUNYER

537 1522 815 1574 'PATRI
864 1520 1362 1564 HIERONYMO
1411 1520 1689 1563 NADAL

768 1624 971 1659 VIENNAE‚
999 1614 1043 1650 23
1070 1622 1309 1651 DECEMBms
1339 1613 1428 1659 1563
1453 1618 1485 1649 ².

356 1702 415 1737 De
430 1701 587 1736 ratione
601 1699 893 1735 reconciliandi
906 1699 1134 1744 quemdam,
1151 1698 1325 1734 Ochoam
1339 1699 1515 1740 nomine,
1527 1710 1617 1734 cum
1634 1698 1682 1732 P.
1706 1697 1894 1735 Victoria.

1109 1781 1138 1838 †

398 1875 540 1919 Molto
563 1874 675 1917 Rdo.
708 1873 753 1915 in
777 1872 960 1916 Christo
987 1872 1148 1935 Padre.
1177 1874 1271 1915 Pax
1300 1871 1405 1928 Xpi.
1437 1879 1525 1915 etc.
1558 1873 1787 1915 Receuete
1821 1871 1863 1914 la
1884 1870 1942 1915 de

307 1953 364 1996 V.
392 1953 444 1995 R.
471 1952 527 1994 de
549 1950 580 1993 li
608 1963 659 1994 10
681 1950 737 1993 de
767 1951 1020 1994 Decembre
1050 1950 1083 2003 ⁵,
1108 1956 1153 1992 et
1175 1948 1251 2005 gie
1278 1948 1322 1992 io
1346 1948 1488 2005 prima
1511 1948 1572 1991 mi
1595 1963 1671 1993 era
1698 1949 1942 2004 adoperato

305 2028 353 2071 in
376 2029 440 2071 far
465 2034 635 2084 quanto
656 2026 702 2069 in
725 2027 874 2082 quella
896 2026 957 2068 mi
976 2025 1208 2078 ordinaua,
1234 2025 1331 2069 cioe
1354 2025 1617 2070 offerendoli
1640 2026 1681 2068 al
1704 2026 1864 2069 Ochoa
1884 2025 1942 2067 de

305 2112 430 2161 parte
452 2104 541 2147 mia
563 2104 713 2159 quello
736 2105 820 2146 che
842 2103 885 2146 io
907 2117 1102 2159 posseua
1123 2102 1170 2145 in
1191 2117 1276 2145 suo
1300 2102 1458 2159 agiuto
1479 2109 1525 2146 et
1550 2103 1720 2155 fauore3
1753 2115 1839 2157 pur
1858 2103 1940 2145 ha-

307 2182 456 2227 uendo
494 2188 710 2226 receuuta
746 2181 789 2223 la
815 2181 871 2224 de
901 2181 958 2224 V.
992 2181 1066 2232 R„
1093 2194 1185 2223 non
1205 2180 1301 2222 solo
1322 2178 1366 2222 io
1393 2194 1465 2222 me
1495 2179 1527 2221 li
1557 2180 1738 2230 offerse,
1764 2193 1837 2221 ma
1859 2193 1941 2222 an-

305 2261 444 2303 chora
464 2259 507 2302 la
528 2273 665 2315 opera
686 2258 758 2300 del
781 2259 834 2300 P.
861 2256 1078 2309 Victoria,
1109 2257 1341 2313 pensando
1369 2258 1469 2308 che,
1502 2271 1580 2312 per
1608 2256 1761 2311 quello
1784 2257 1868 2299 che
1890 2269 1941 2298 se

305 2335 337 2379 li
359 2351 435 2381 era
456 2335 610 2388 serito,
634 2349 726 2378 non
747 2335 1049 2378 mancarebbe
1070 2332 1115 2376 di
1139 2334 1205 2376 far
1226 2333 1336 2390 ogni
1358 2347 1463 2376 cosa
1486 2333 1611 2376 accio
1633 2333 1671 2376 si
1692 2333 1875 2377 sedasse
1896 2333 1939 2376 la

304 2413 400 2468 lite;
423 2420 470 2457 et
489 2413 584 2456 cosi
606 2411 666 2455 mi
686 2411 806 2455 disse
824 2412 984 2455 Ochoa
1000 2413 1085 2454 che
1102 2410 1139 2453 si
1157 2411 1509 2454 contentarebbe
1525 2424 1611 2453 con
1633 2417 1768 2454 cento
1789 2409 1936 2453 fiorini

305 2491 363 2535 de
384 2489 600 2546 pensione
621 2490 706 2533 che
727 2503 775 2531 se
797 2487 827 2529 11
848 2488 1046 2540 dessero,
1072 2488 1164 2531 fino
1186 2502 1212 2530 a
1234 2489 1319 2531 che
1335 2486 1366 2528 li
1382 2486 1522 2530 nobili
1538 2494 1735 2530 stassero
1756 2487 1832 2531 nel
1851 2501 1935 2530 suo

304 2566 514 2624 collegio,
540 2573 586 2610 et
606 2567 804 2609 anchora
826 2565 863 2607 si
888 2565 1050 2609 uoleua
1067 2564 1270 2621 obligare
1287 2579 1313 2607 a
1331 2564 1580 2620 prouedere
1595 2564 1637 2607 le
1653 2578 1758 2608 cose
1775 2578 1934 2608 neces-

304 2643 421 2688 sarie
442 2643 488 2686 in
511 2656 687 2700 grosso,
718 2655 846 2685 come
869 2642 1003 2698 lenya
1024 2642 1057 2694 ⁴,
1090 2641 1211 2694 vino,
1236 2647 1293 2689 et,
1304 2639 1420 2683 simil
1443 2654 1548 2684 cose
1578 2656 1658 2697 per
1686 2641 1718 2683 il
1743 2640 1936 2698 collegio

378 2803 390 2824 ¹
441 2802 628 2838 Abscissa
649 2802 804 2847 charta,
832 2813 951 2836 unum
976 2802 1140 2837 verbum
1165 2799 1429 2847 desideratur,
1454 2801 1557 2848 quod
1581 2801 1840 2849 supplendum
1864 2803 1936 2838 hoc

303 2862 460 2898 nomine
473 2864 593 2909 patre
611 2860 808 2908 duximus,
828 2871 876 2895 ex
895 2859 1128 2906 cognomine
1146 2859 1289 2906 Vinck,
1308 2858 1478 2906 nepotis,
1497 2859 1546 2896 de
1564 2872 1641 2908 quo
1659 2872 1786 2897 sermo
1805 2865 1882 2896 est.

374 2924 388 2944 ²
439 2921 497 2956 Ex
515 2920 769 2966 autographo,
790 2919 829 2954 in
851 2919 951 2955 Cod.
974 2929 1025 2964 29
1043 2918 1093 2965 c),
1114 2918 1261 2966 duplici
1278 2917 1351 2954 fol.
1373 2926 1395 2962 7
1413 2918 1534 2965 (232).

375 2982 389 3002 ⁵
438 2981 521 3016 Has
539 2990 617 3015 non
630 2980 841 3015 habemus.

375 3042 389 3061 ⁴
439 3039 518 3083 Sic,
538 3050 606 3086 pro
625 3038 766 3086 legna.
