2196 3522
349 336 392 372 14
909 321 953 356 P.
981 321 1169 356 NATAms
1194 320 1414 357 EPHEMER.

345 427 496 486 potius
517 425 776 487 inducebat:
812 421 1031 467 indicauit
1059 420 1201 479 igitur
1220 421 1415 478 primum
1443 435 1493 466 se
1521 427 1676 465 nostra
1702 435 1841 478 opera
1861 421 1980 467 velle

344 504 410 548 vti
430 505 488 549 ad
509 517 665 560 pacem
687 515 791 545 cum
822 498 1032 556 Philippo
1063 500 1074 520 ¹
1104 497 1449 543 conficiendam.
1474 499 1545 542 De
1565 498 1847 555 profectione
1867 514 1978 544 vero

344 582 392 624 in
420 578 685 637 Hispaniam
713 577 827 620 dixit
854 590 904 620 se
931 575 1128 620 Domino
1154 575 1200 619 id
1227 575 1650 620 commendaturum
1677 575 1724 619 in
1751 576 1972 631 oratione,

344 672 427 702 nos
447 663 498 700 vt
517 656 637 701 idem
661 656 927 707 faceremus,
953 660 999 698 et
1024 652 1191 698 rediret
1213 655 1349 698 Pater
1370 651 1567 696 vicarius
1588 653 1646 696 ad
1673 652 1837 710 ipsum,
1862 667 1974 698 con-

342 734 474 778 sultis
496 733 666 790 aliquot
689 730 917 784 Patribus,
938 730 1016 787 qui
1033 730 1119 774 sibi
1140 729 1340 774 melioris
1362 729 1628 774 viderentur
1648 729 1839 787 consilij.
1861 733 1976 777 Bre—

343 811 461 856 uiter
497 810 560 854 ita
587 808 795 854 discessit
831 807 1042 861 vicarius,
1083 814 1132 851 vt
1164 807 1242 864 qui
1264 806 1312 850 in
1345 806 1587 851 maximam
1617 821 1743 864 spem
1775 807 1978 854 venisset

342 887 475 932 facile
504 900 834 931 consensurum
861 884 1122 942 pontificem
1149 891 1200 928 vt
1230 884 1399 930 iremus
1434 883 1482 927 in
1509 883 1777 941 Hispaniam
1798 884 1831 928 ¹.
1858 885 1979 930 Cae-

342 973 490 1009 terum
512 979 616 1008 cum
634 963 840 1020 redijsset
857 977 992 1019 saepe
1009 977 1066 1007 ex
1082 962 1351 1015 constituto,
1371 976 1457 1006 nec
1475 961 1804 1016 admitteretur,
1825 967 1976 1007 tamen

308 1037 316 1046 ⁰
341 1043 467 1085 nulla
488 1043 637 1085 adhuc
665 1047 841 1097 poterat
868 1039 974 1083 oriri
996 1038 1194 1096 suspicio
1223 1038 1333 1095 quid
1361 1045 1483 1083 esset
1510 1053 1593 1082 cur
1620 1039 1636 1061 ⁸
1660 1039 1738 1083 45
1766 1046 1857 1083 tam
1886 1038 1978 1084 cito

342 1120 606 1163 immutatus
622 1118 853 1163 videretur
874 1116 1101 1174 pontificis
1123 1116 1315 1162 animus.
1341 1118 1498 1172 Itaque
1514 1116 1711 1160 vicarius
1727 1131 1821 1161 non
1841 1116 1974 1161 omit-

343 1198 467 1241 tebat
489 1197 545 1240 ad
568 1195 783 1253 palatium
803 1194 1042 1247 ventitare,
1067 1193 1242 1238 etiamsi
1264 1208 1356 1237 non
1378 1193 1708 1238 admitteretur.

430 1273 633 1317 Tandem
651 1279 870 1317 euocatus
886 1288 912 1316 a
928 1271 1144 1316 cardinali
1160 1270 1335 1327 pisano,
1355 1270 1532 1314 audiuit
1547 1285 1641 1315 non
1653 1272 1831 1329 placere
1847 1287 1976 1317 sum—

341 1365 416 1394 mo
430 1349 632 1407 pontifici
653 1356 703 1392 vt
724 1349 771 1393 in
793 1348 1061 1406 Hispaniam
1077 1348 1260 1393 iremus:
1282 1347 1507 1392 acciderat
1524 1349 1588 1406 (vt
1604 1348 1778 1407 opinor)
1795 1363 1971 1403 rursus,

342 1434 616 1484 quapropter
639 1442 665 1471 a
686 1441 798 1484 pace
825 1433 947 1472 esset
974 1426 1149 1471 alienus
1171 1424 1390 1482 pontifex3
1416 1426 1497 1471 sed
1518 1439 1659 1482 quum
1681 1426 1977 1472 arbitraretur

340 1505 536 1549 vicarius
558 1512 741 1562 propter
761 1505 931 1550 bellum
960 1503 1083 1547 nolle
1114 1503 1308 1547 Paulum
1338 1509 1386 1546 vt
1413 1503 1460 1546 in
1490 1503 1757 1560 Hispaniam
1781 1503 1980 1562 Philippi

341 1582 464 1639 regis
486 1581 891 1638 proficisceremur,
916 1579 1217 1637 interrogauit
1238 1579 1512 1626 cardinalem
1528 1594 1638 1623 num
1654 1581 1913 1626 consuleret
1927 1588 1978 1624 vt

341 1673 606 1716 rogaremus
620 1658 879 1715 pontificem
891 1659 947 1702 de
961 1656 1244 1715 profectione
1257 1656 1304 1700 in
1322 1657 1665 1715 Portugalliam.
1683 1657 1734 1701 Id
1746 1671 1851 1715 qun
1867 1672 1978 1715 pro-

340 1737 469 1781 baret
490 1735 746 1790 cardinalis,
771 1736 995 1792 reliquum
1017 1734 1166 1779 visum
1190 1733 1275 1778 fuit
1297 1734 1423 1778 Patri
1438 1734 1608 1779 vicario
1625 1741 1674 1778 vt
1690 1735 1839 1779 adhuc
1855 1737 1978 1793 apud

341 1813 600 1870 pontificem
624 1814 680 1857 de
703 1815 787 1857 hac
809 1813 1090 1870 profectione
1111 1826 1368 1870 ageremus3
1393 1811 1547 1868 itaque
1568 1827 1750 1856 rursum
1771 1813 1829 1856 ad
1849 1813 1976 1870 pala-

342 1890 456 1934 tium
478 1891 781 1935 conueniebat
807 1890 1019 1934 vicarius.
1051 1889 1058 1948 Ι
1086 1891 1242 1946 Quum
1271 1896 1424 1934 autem
1451 1888 1658 1935 similiter
1685 1896 1822 1946 atque
1848 1890 1976 1947 prius

342 1981 435 2010 non
452 1966 781 2021 admitteretur,
802 1981 887 2012 nec
904 1966 1160 2020 desisteret,
1177 1979 1285 2011 ecce
1301 1965 1382 2009 tibi
1399 1973 1590 2010 vocatur
1606 1981 1633 2010 a
1649 1966 1864 2011 cardinali
1882 1973 1977 2011 tra-

341 2044 487 2088 nensi.
515 2043 732 2101 Intelligit
757 2045 951 2088 Paulum
973 2058 1074 2089 esse
1096 2044 1317 2088 aduersus
1345 2058 1431 2087 nos
1460 2058 1513 2087 ac
1535 2043 1811 2089 Societatem
1833 2024 1977 2090 {rehe-

342 2127 518 2164 menter
539 2128 831 2174 commotum,
856 2121 1014 2165 iubere
1034 2127 1085 2164 vt
1106 2121 1259 2164 nullus
1281 2121 1466 2165 omnino
1488 2136 1514 2166 e
1535 2120 1703 2165 nostris
1730 2122 1875 2165 Roma
1895 2137 1978 2166 ex-

343 2198 491 2241 cedat:
518 2205 613 2241 tum
637 2205 685 2241 vt
707 2198 857 2242 omnia
878 2199 1122 2255 diplomata
1149 2197 1414 2255 apOStolica,
1445 2212 1602 2243 omnes
1629 2197 1978 2242 constitutiones

343 2281 520 2318 nostras
542 2275 599 2318 ad
620 2290 670 2319 se
690 2275 963 2330 deferamus;
989 2276 1106 2321 velle
1133 2290 1182 2319 se
1211 2275 1362 2319 omnia
1383 2274 1653 2332 intelligere,
1679 2275 1735 2319 de
1764 2274 1976 2319 omnibus

343 2349 559 2396 iudicare:
583 2351 848 2409 designasse
877 2365 902 2396 2
931 2352 1198 2406 cardinales,
1225 2366 1277 2396 ac
1304 2366 1540 2396 romanum
1563 2352 1595 2405 ⁴,
1622 2351 1699 2408 qui
1721 2351 1873 2396 omnia
1893 2366 1968 2396 ex-

342 2427 570 2483 plorarent
591 2434 727 2484 atque
749 2430 806 2472 ad
823 2444 927 2474 eum
944 2429 1180 2473 referrent.
1200 2427 1353 2474 Mirati
1374 2442 1532 2473 sumus
1555 2443 1730 2474 omnes:
1755 2443 1841 2474 nec
1861 2443 1974 2474 con-

342 2510 463 2548 stare
484 2504 667 2549 omnino
684 2513 860 2562 poterat
882 2521 964 2550 cur
986 2514 1078 2550 tam
1093 2520 1254 2551 seuere
1271 2512 1430 2563 ageret
1445 2505 1649 2562 pontifex
1667 2507 1699 2549 ⁵:
1717 2506 1973 2552 sciebamus

343 2580 526 2637 quidem
548 2581 628 2636 illi,
652 2582 741 2626 iam
756 2582 862 2627 inde
879 2590 1122 2639 antequam
1138 2583 1211 2626 vel
1233 2582 1471 2639 episcopus
1486 2589 1608 2628 esset
1623 2583 1697 2628 vel
1713 2583 1969 2638 cardinalis,

343 2672 435 2701 non
456 2665 581 2704 recte
600 2659 870 2704 conuenisse
891 2673 995 2703 cum
1020 2662 1072 2704 Ρ.
1105 2659 1298 2717 Ignatio;
1323 2659 1404 2703 sed
1424 2666 1582 2716 postea
1614 2666 1766 2706 tamen
1792 2667 1973 2706 nostros

419 2779 429 2799 ¹
479 2778 571 2825 Ms.‚
589 2778 761 2826 Phippo.

416 2838 431 2858 ²
482 2836 741 2883 SAccfflNus,
757 2838 831 2873 loc.
850 2838 934 2884 cit„
954 2851 992 2875 n.
1012 2846 1075 2884 72.

417 2896 432 2916 ³
481 2896 579 2942 Ms.‚
598 2908 672 2933 cur
688 2908 779 2933 cur.

416 2955 431 2975 ⁴
479 2954 591 2991 Prius
609 2955 819 3003 scripserat
831 2956 969 2992 Nada1:
989 2956 1242 2994 cardinalem
1257 2960 1486 2993 tranensem
1504 2969 1551 2994 ac
1567 2969 1804 3003 romanum‚·
1819 2963 1974 3006 postea,

343 3017 492 3048 mutata
508 3013 621 3050 litera
636 3027 677 3050 m
694 3015 739 3050 in
755 3026 787 3057 s,
806 3015 962 3062 scripsit
978 3017 1219 3061 cardinales,
1247 3015 1480 3052 cancellavit
1504 3019 1746 3060 tranensem,
1765 3022 1807 3054 et
1825 3017 1973 3054 oblitus

341 3075 407 3107 est
423 3070 581 3108 delendi
598 3084 814 3109 romanum
831 3074 917 3120 [sic‚
936 3085 1004 3121 pro
1021 3075 1281 3122 reumanum]

416 3131 430 3153 ⁵
479 3130 735 3175 siccamus,
756 3134 833 3169 loc.
856 3133 948 3178 cit.,
966 3145 1037 3169 nn.
1059 3133 1120 3178 76,
1138 3141 1202 3179 77.
