2196 3522
270 219 336 256 180
814 218 940 255 Emsr
949 246 958 255 .
990 219 1020 255 P
1029 245 1038 255 .
1070 219 1342 267 NADAL—24o

262 319 531 364 beneficium
574 318 821 375 accipiunt,
863 332 1127 376 sacramque
1165 322 1531 370 communionem
1572 341 1748 373 summa
1785 343 1890 374 curn

261 395 501 440 deuotione
522 402 723 438 sumunt.
748 395 878 439 Multi
896 396 1147 453 praeteritis
1164 397 1325 443 diebus
1342 400 1480 445 totius
1497 402 1618 448 uitae
1637 410 1890 452 transactae

260 472 517 528 generalem
554 471 673 527 apud
710 486 792 515 nos
832 473 981 517 fecere
1005 474 1350 520 confessionem.
1383 478 1603 523 Nonnulli
1624 482 1894 538 grauissima

260 554 459 604 peccata,
486 549 707 592 hactenus
730 549 905 605 pudore
927 551 1090 604 uelata,
1109 566 1232 595 nunc
1254 552 1413 597 timore
1437 556 1594 600 mortis
1616 560 1892 605 confessario

262 638 522 680 apperuere.
541 626 644 668 Non
659 625 790 682 pauci
809 626 937 682 quasi
953 633 1109 671 uotum
1126 630 1354 683 quoddam
1371 631 1532 686 fecere,
1548 640 1615 689 ut,
1631 636 1703 679 uel
1716 637 1893 682 decimo

259 700 415 756 quinto
433 701 521 754 die,
543 702 617 744 uel
634 702 836 757 quolibet
852 718 1022 756 mense,
1043 719 1218 749 sacram
1235 706 1449 764 deinceps
1466 718 1646 754 sumant
1663 714 1886 769 synaxim.

260 777 457 833 Quidam
473 778 660 834 juuenis
677 793 925 824 conuersus
941 781 999 823 ad
1016 780 1185 825 Christi
1201 783 1453 838 ecclesiam,
1474 801 1692 844 magnum
1710 791 1893 836 chartae

260 855 509 908 cumulum,
531 855 719 912 magicis
736 857 919 912 plenum
938 857 1125 913 artibus,
1145 858 1192 902 in
1210 860 1437 906 Sathanae
1454 864 1766 911 confusionem
1783 882 1892 925 ope-

261 945 311 974 ra
332 939 592 976 nostrorum
630 932 839 977 incendio
867 934 1070 989 tradidit,
1101 943 1146 979 et
1167 936 1213 979 in
1235 945 1435 983 nostram
1458 940 1731 986 Societatem
1755 945 1893 1003 recipi

260 1009 552 1052 uehementer
578 1009 718 1066 cupit.
755 1010 876 1054 Hinc
898 1011 1068 1055 factum
1096 1027 1195 1057 esse
1217 1016 1373 1069 cred0,
1405 1024 1456 1060 ut
1483 1017 1561 1073 qui
1590 1018 1696 1063 olim
1725 1022 1893 1067 nostris

257 1085 570 1129 detrectabant
591 1086 773 1140 studiis,
807 1103 979 1144 nosque
1007 1104 1185 1135 summo
1212 1095 1603 1150 prosequebantur
1624 1096 1743 1151 odio,
1769 1113 1891 1144 nunc

255 1161 379 1205 hisce
408 1162 731 1207 tentationibus
769 1165 874 1208 facti
903 1167 1241 1222 prudentiores,
1281 1170 1474 1228 diligant
1509 1187 1592 1216 nos
1624 1182 1885 1232 amentque‚

258 1237 364 1282 licet
385 1254 477 1282 non
498 1254 654 1284 omnes
677 1240 723 1283 in
745 1242 831 1284 hoc
859 1242 1038 1298 pietatis
1069 1259 1237 1301 genere
1258 1247 1548 1303 profecerint,
1579 1251 1740 1307 Neque
1769 1253 1890 1298 enim

258 1315 517 1370 defuerunt,
551 1316 627 1372 qui
656 1318 737 1374 (ob
767 1319 979 1375 temporis
1007 1320 1215 1365 iniuriam
1244 1337 1348 1367 cum
1376 1325 1537 1382 fugere
1572 1342 1663 1370 non
1690 1331 1889 1389 possent)

259 1399 441 1448 propter
461 1393 710 1438 discessum
733 1394 839 1438 hinc
861 1404 1117 1441 nostrorum
1141 1399 1345 1454 fratrum,
1370 1402 1524 1447 nescio
1547 1419 1664 1460 quae
1680 1407 1738 1451 de
1758 1408 1890 1452 nobis

258 1468 561 1525 excogitarint
582 1470 814 1527 figmenta,
854 1472 1113 1519 dictitantes
1140 1478 1151 1497 ¹
1176 1477 1368 1532 jesuitas
1403 1481 1526 1524 haud
1553 1489 1762 1527 strenuos
1789 1500 1890 1531 esse

258 1544 455 1589 ciuitatis
476 1546 656 1601 milites,
682 1548 759 1604 qui
783 1549 937 1606 fugam
959 1550 1006 1593 in
1028 1553 1272 1599 certamine
1288 1565 1546 1613 capessunt;
1559 1567 1611 1613 „et
1628 1562 1762 1604 modo
1778 1561 1890 1606 illud

258 1623 533 1677 completum
561 1638 682 1667 esse:
717 1628 972 1680 percutiam
998 1632 1229 1684 pastorem
1261 1635 1301 1675 et
1333 1633 1659 1692 dispergentur
1690 1652 1816 1691 oues;
1843 1647 1888 1685 et

257 1697 518 1742 huiusmodi
541 1702 777 1756 quaedam,
803 1717 918 1758 quae
939 1719 1098 1761 parum
1120 1721 1231 1764 erga
1267 1724 1350 1752 nos
1371 1711 1717 1758 beneuolentiae
1738 1717 1890 1760 decla-

258 1775 433 1818 rabant.
462 1777 726 1831 Caeterum,
752 1793 855 1822 cum
878 1780 988 1823 nihil
1017 1782 1062 1825 in
1097 1784 1460 1831 administrandis
1487 1790 1792 1845 poenitentiae
1816 1809 1865 1838 sa
1876 1820 1888 1824 —›

257 1852 499 1896 oramentis
522 1853 607 1896 sibi
635 1855 792 1900 deesse
817 1857 1036 1913 uiderent,
1063 1875 1211 1916 neque
1233 1862 1278 1905 in
1301 1864 1533 1910 sacrificiis
1550 1868 1825 1923 quotidianis
1843 1877 1888 1914 et

257 1927 551 1972 concionibus
568 1937 646 1974 aut
665 1932 860 1976 consiliis
883 1935 1058 1990 dandis,
1085 1938 1255 1981 factum
1272 1947 1342 1984 est
1365 1948 1415 1984 ut
1435 1944 1680 1987 multorum
1704 1960 1781 1990 ora
1798 1947 1889 1990 sint

256 2005 452 2058 occlusa,
479 2005 686 2050 videntes
710 2008 1072 2066 sollicitudinem,
1103 2029 1239 2070 quam
1264 2018 1409 2061 nostri
1436 2034 1517 2075 pro
1540 2020 1697 2065 alienis
1721 2023 1887 2068 ouibus

258 2087 419 2136 sponte
441 2082 709 2139 suscipiunt.
732 2086 865 2129 Nunc
884 2087 1035 2144 itaque
1052 2092 1299 2136 multorum
1317 2093 1506 2141 iniuriae
1523 2104 1568 2141 et
1585 2099 1887 2145 detractiones

257 2156 492 2212 (quantum
514 2158 767 2217 intelligere
788 2167 1042 2223 possumus)
1065 2182 1242 2213 cessare
1260 2170 1488 2227 uidentur,
1513 2181 1559 2217 et
1575 2177 1718 2219 multo
1736 2177 1886 2233 plures

258 2247 393 2288 quam
415 2241 546 2282 antea
567 2246 848 2282 sacramenta
870 2247 915 2284 et
937 2243 1178 2290 conciones
1200 2248 1321 2303 apud
1342 2263 1427 2292 nos
1446 2249 1646 2296 uisitare.
1667 2253 1758 2298 Sed
1780 2268 1886 2300 ecce

258 2304 445 2357 Sathan,
466 2320 556 2348 non
575 2307 721 2351 ferens
739 2318 915 2355 nostros
937 2322 1143 2370 conatus,
1170 2318 1323 2362 nescio
1340 2334 1454 2376 quos
1476 2320 1654 2379 impulit
1674 2324 1885 2370 libidino-

255 2395 330 2423 sos
348 2388 413 2435 ut,
434 2381 530 2438 ipso
546 2383 619 2427 die
637 2386 690 2428 Β.
712 2385 901 2443 Nicolai‚
921 2394 1162 2445 puerulum
1180 2397 1419 2450 quemdam
1436 2397 1523 2442 iam
1540 2398 1629 2443 iam
1650 2408 1807 2446 natum
1829 2404 1886 2447 ad

256 2465 432 2501 nostras
448 2460 743 2505 confessionis
755 2464 890 2508 sedes
907 2478 1230 2525 supponerent,
1250 2474 1373 2517 haud
1389 2474 1526 2519 dubie
1543 2484 1594 2520 ut
1610 2479 1695 2522 hac
1710 2479 1884 2526 ratione

253 2534 448 2591 aliquem
470 2550 526 2579 ex
547 2538 713 2581 nostris
734 2540 868 2584 huius
889 2544 1017 2598 pueri
1039 2547 1292 2602 genitorem
1314 2565 1415 2595 esse
1436 2554 1640 2598 crederet
1667 2556 1883 2602 mutabile

255 2612 439 2668 uulgus.
472 2614 564 2657 Sed
593 2614 722 2658 nobis
747 2617 873 2661 adest
901 2619 1055 2665 diuina
1081 2624 1245 2680 gratia,
1277 2641 1394 2682 quae
1415 2643 1497 2685 pro
1518 2631 1650 2675 nobis
1678 2647 1884 2690 pugnare

255 2701 347 2730 non
369 2695 529 2743 cessat,
555 2691 800 2747 hostesque
820 2702 996 2740 nostros
1034 2699 1233 2745 uincere.
1274 2704 1332 2746 Et
1367 2705 1551 2760 quidem
1587 2707 1882 2766 diligentibus

255 2764 405 2808 Deum
427 2766 578 2811 omnia
598 2777 897 2824 cooperantur
912 2772 959 2817 in
981 2774 1166 2821 bonum.

348 2853 388 2884 2.
454 2843 618 2888 Rabies
639 2844 774 2888 huius
801 2849 938 2902 pestis
956 2851 1135 2919 uidetur
1156 2857 1288 2900 modo
1310 2865 1495 2916 propter
1523 2860 1661 2905 nimia
1690 2862 1877 2919 frigora,

326 3004 338 3024 ¹
389 3006 446 3041 Ms
456 3033 463 3041 .
475 3034 484 3051 ,
504 3010 732 3047 tactitantes
740 3038 750 3047 .
