2196 3522
867 327 891 365 8
915 300 1166 367 Novniunms
1195 329 1286 376 1563
1824 338 1895 376 447

261 434 443 490 Questo
464 433 679 489 proporra
700 446 727 475 a
747 432 844 476 loro
865 445 946 488 per
965 431 1266 494 determinare
1285 433 1359 477 del
1379 439 1531 490 tempo
1553 439 1600 477 et
1616 432 1735 476 della
1751 439 1897 477 mate·

265 509 332 553 ria
352 517 440 553 etc.
471 508 522 554 Si
550 509 646 553 fara
674 508 751 564 qui
779 515 919 566 gente
945 523 1025 565 per
1051 508 1220 553 sentire
1247 516 1409 565 questa
1436 509 1623 554 lettione
1651 508 1900 554 domestica

263 600 397 631 come
417 586 456 630 si
476 588 621 643 potra.

362 677 379 708 1
392 676 430 708 1.
484 649 531 706 '11
552 670 693 707 rettor
713 663 962 708 viennense
982 670 1155 707 mostra
1175 670 1304 708 tener
1324 662 1549 706 desiderio
1571 665 1656 706 che
1678 662 1721 706 io
1749 669 1901 719 presto

269 740 403 796 torni,
428 748 475 785 et
501 741 678 784 benche
706 739 749 783 io
777 741 925 784 ancho
952 740 996 784 lo
1023 739 1234 784 desidero
1262 754 1342 796 per
1370 739 1544 784 aiutare
1574 740 1680 795 quel
1710 739 1904 796 collegio

267 817 452 870 afflicto,
477 817 524 860 in
544 818 695 873 quello
716 819 803 862 che
823 817 895 861 col
923 816 1048 861 aiuto
1078 816 1235 861 diuino
1263 817 1308 860 io
1336 816 1498 874 potrei,
1530 816 1804 861 nondimeno
1831 831 1904 861 es-

266 896 412 939 sendo
436 894 586 938 vicino
605 894 637 937 il
659 901 810 951 tempo
825 894 944 939 della
958 893 1092 938 visita
1108 893 1335 938 ordinaria
1355 893 1401 937 di
1423 901 1586 950 questo
1602 893 1812 950 collegio,
1833 909 1907 938 se-

268 971 416 1016 condo
453 955 539 1016 che
566 973 625 1015 ha
651 970 949 1016 determinato
975 971 1020 1014 la
1047 972 1099 1015 R.
1133 972 1213 1025 V.‚
1246 970 1307 1014 mi
1336 985 1444 1027 pare
1471 972 1556 1015 che
1583 970 1627 1014 io
1656 985 1747 1014 non
1775 972 1836 1014 ho
1862 970 1908 1014 di

268 1049 488 1093 mouermi
524 1047 706 1092 innanzi
742 1049 828 1092 che
862 1049 970 1104 quel
1005 1048 1154 1092 officio
1190 1047 1257 1092 sia
1295 1048 1438 1092 finito.
1482 1049 1587 1092 Non
1612 1047 1674 1091 mi
1713 1062 1907 1092 moueno

268 1125 424 1171 niente
445 1126 488 1171 le
505 1125 677 1182 *parolle
698 1125 772 1169 del
793 1131 938 1170 rettor
965 1139 1206 1182 pragense,
1237 1125 1430 1169 dicendo
1457 1125 1522 1168 lui
1550 1126 1635 1169 che
1664 1124 1708 1168 io
1736 1139 1828 1168 non
1856 1139 1909 1169 ce

269 1204 387 1246 vada
408 1209 534 1246 tanto
556 1208 725 1259 presto,
749 1216 830 1258 per
850 1216 942 1245 non
964 1201 1192 1247 incorrere
1214 1202 1321 1248 nelli
1338 1201 1537 1259 pericoli.
1559 1202 1704 1258 Spero
1726 1202 1910 1259 donque

273 1279 476 1336 partirmi
496 1279 543 1322 di
570 1294 661 1335 qua
688 1293 768 1336 per
795 1278 975 1324 Vienna
1003 1279 1035 1322 il
1063 1278 1207 1336 primo
1235 1279 1390 1323 lunedi
1419 1294 1446 1322 ο
1474 1279 1666 1324 martedi
1696 1278 1744 1322 di
1767 1279 1798 1321 l’
1828 1280 1910 1324 ad-

274 1363 414 1401 uento
435 1363 582 1411 santo,
608 1370 689 1413 per
711 1356 805 1401 fare
827 1364 1143 1413 prontarnente
1158 1357 1190 1399 l'
1210 1355 1468 1400 obedientia
1484 1363 1632 1409 santa,
1653 1362 1698 1400 et
1715 1370 1796 1412 per
1811 1370 1910 1400 sos-

273 1441 403 1479 tener
423 1433 662 1478 affiittione
682 1447 770 1477 con
790 1433 821 1476 li
843 1433 1006 1477 afflitti.

368 1524 433 1555 12.
495 1512 530 1554 Il
546 1512 697 1555 dottor
708 1513 823 1570 Jaen
841 1518 962 1555 resta
979 1511 1174 1555 tuttauia
1190 1511 1371 1564 debole,
1384 1511 1584 1556 viuendo
1594 1527 1673 1568 per
1687 1526 1821 1555 mano
1838 1511 1912 1555 del

272 1588 449 1632 medico
471 1595 517 1634 et
537 1587 801 1642 infirmario,
826 1587 1103 1645 mangiando
1125 1603 1302 1645 sempre
1324 1588 1371 1632 in
1391 1603 1474 1632 sua
1491 1603 1671 1632 camera
1686 1589 1799 1643 solo;
1819 1597 1865 1634 et
1882 1587 1912 1631 il

267 1666 475 1724 giudicio
496 1651 569 1710 del
591 1666 663 1711 Sr.
688 1665 874 1710 Matiolo
900 1667 910 1687 ¹
949 1666 975 1709 ἑ
1006 1667 1092 1716 che
1113 1680 1206 1709 non
1228 1665 1258 1708 li
1285 1665 1509 1710 conuiene
1537 1673 1698 1721 questa
1726 1666 1911 1723 regione

212 1779 217 1783 ,
275 1743 447 1796 fredda,
480 1750 526 1788 et
555 1745 754 1786 anchora
779 1745 865 1786 che
893 1742 931 1786 si
961 1741 1098 1786 risani
1124 1742 1170 1786 in
1201 1750 1361 1798 questa
1390 1743 1659 1799 primauera‚
1692 1758 1784 1787 non
1813 1746 1912 1787 sara

274 1822 382 1878 pero
405 1819 565 1865 stabile
586 1821 629 1864 13
649 1834 733 1864 sua
753 1819 916 1864 sanita.
943 1821 1079 1864 Onde
1101 1819 1267 1864 risolue
1288 1819 1420 1864 cheli
1441 1820 1698 1865 conuienne
1714 1820 1869 1865 viuere
1885 1825 1913 1864 ὁ

274 1898 321 1941 in
344 1897 469 1942 Italia
491 1912 518 1941 o
540 1898 652 1941 altra
674 1897 860 1954 regione
881 1896 959 1954 pisi
979 1898 1109 1941 calda
1131 1898 1217 1942 che
1239 1889 1454 1953 questa’.
1481 1898 1538 1940 Et
1555 1913 1582 1941 a
1603 1906 1767 1954 questo
1785 1900 1821 1941 s’
1842 1897 1912 1941 in-

274 1974 394 2019 clina
415 1975 495 2028 lui,
521 1988 650 2018 come
676 1973 862 2018 intendo
891 1974 948 2018 de
977 1974 1159 2019 alchuni
1191 1974 1298 2019 delli
1329 1974 1487 2029 nostri,
1522 1974 1717 2018 dicendo
1749 1977 1835 2020 che
1867 1974 1911 2018 in

275 2053 462 2109 Spagna
482 2050 668 2095 haueria
689 2050 853 2095 medici
874 2051 948 2094 chi
970 2052 999 2094 l’
1025 2051 1291 2104 aiutariano‚
1316 2059 1405 2095 etc.

370 2142 438 2184 13.
503 2130 546 2172 A
571 2128 660 2172 M.⁰
683 2129 882 2173 Roberto
903 2128 942 2171 si
963 2130 990 2172 e
1012 2129 1118 2173 dato
1139 2128 1170 2171 il
1186 2128 1370 2172 caricho
1389 2135 1508 2172 tutto
1524 2129 1641 2182 delle
1661 2128 1840 2172 lettioni
1856 2130 1913 2173 de

275 2206 511 2263 philosofia
533 2213 579 2250 et
601 2221 626 2248 a
651 2204 740 2248 M.⁰
757 2206 935 2263 Joanne
956 2205 1153 2250 bohemo
1169 2207 1227 2248 ha
1243 2205 1442 2261 piaciuto
1458 2205 1536 2262 pisi
1553 2205 1598 2248 di
1615 2206 1802 2262 leggere
1823 2221 1914 2249 vna

274 2283 463 2328 lettione
486 2282 598 2340 ogni
620 2283 665 2325 di
688 2282 735 2325 in
758 2281 963 2338 Vergilio
984 2289 1031 2325 et
1052 2283 1171 2327 nella
1191 2282 1523 2326 versificatione
1544 2290 1591 2326 et
1611 2297 1638 2325 a
1659 2284 1701 2325 la
1722 2298 1805 2325 sua
1821 2298 1912 2326 non

278 2368 437 2416 troppo
459 2360 606 2403 sanita
626 2359 704 2416 pisi
727 2359 983 2403 conuienne
1006 2359 1067 2402 tal
1093 2358 1339 2404 essercitio.
1367 2359 1453 2403 Lui
1477 2360 1520 2402 fa
1548 2359 1667 2403 versi
1694 2367 1739 2403 et
1766 2359 1803 2403 si
1832 2361 1911 2403 de—

277 2437 389 2481 letta
409 2436 456 2479 in
477 2437 625 2492 questi
649 2435 787 2479 studii
810 2435 855 2478 di
877 2435 1127 2488 humanita,
1151 2443 1198 2479 et
1219 2436 1264 2478 lo
1296 2435 1485 2492 giouara
1513 2452 1539 2479 a
1565 2450 1836 2481 conseruare
1868 2445 1914 2480 et

241 2540 244 2542 -
278 2521 542 2558 aumentare
562 2515 605 2557 13
626 2528 708 2557 sua
730 2512 890 2567 sanita,
915 2527 1044 2557 come
1065 2512 1302 2569 speriamo.

375 2603 442 2644 14.
508 2591 686 2634 Adesso
717 2590 871 2635 riceuo
900 2591 1012 2633 altre
1039 2590 1199 2634 lettere
1236 2590 1310 2633 del
1348 2592 1400 2634 P.
1442 2592 1663 2644 Lorenzo,
1703 2591 1913 2635 hauendo

279 2667 487 2712 riceuuto
508 2668 622 2711 altro
645 2667 836 2711 sabbato
858 2667 916 2710 da
939 2667 1018 2719 lui,
1050 2674 1096 2710 et
1122 2666 1290 2723 replica
1317 2669 1514 2711 anchora
1542 2670 1627 2711 che
1653 2667 1801 2711 vorria
1827 2669 1913 2712 che

279 2744 324 2801 io
353 2751 504 2800 presto
534 2744 727 2788 tornassi
754 2759 781 2786 a
809 2744 1005 2799 Vienna,
1038 2751 1084 2786 et
1111 2757 1266 2800 veggo
1297 2745 1457 2788 adesso
1485 2761 1546 2788 vn
1577 2745 1771 2797 stimolo,
1802 2752 1847 2788 et
1869 2745 1912 2788 lo

276 2829 408 2866 sento
429 2820 507 2877 pisi
529 2822 614 2863 che
631 2820 788 2876 prima,
810 2821 1052 2866 scriuendo
1068 2835 1198 2864 come
1218 2835 1278 2863 vn
1296 2828 1428 2877 putto
1446 2836 1617 2878 pouero
1636 2820 1793 2878 (hoggi
1812 2821 1912 2865 dice

223 2918 229 2926 ·
274 2898 394 2941 nella
430 2897 613 2951 lettera)
644 2898 670 2940 ἑ
700 2905 847 2940 morto
874 2912 1058 2954 apresso
1086 2897 1152 2954 gli
1180 2898 1470 2942 commensali
1498 2898 1543 2941 di
1571 2906 1714 2955 peste,
1743 2905 1831 2941 etc.
1863 2899 1911 2941 Io

351 3025 362 3044 ¹
413 3021 513 3057 Vide
532 3021 652 3068 epist.
676 3020 758 3066 288,
778 3033 819 3056 n.
847 3029 880 3065 13
900 3027 940 3057 et
958 3030 1042 3067 294,
1060 3033 1103 3056 n.
1127 3020 1165 3056 3.

347 3085 361 3103 ²
411 3081 543 3116 Natal.
568 3091 693 3126 resp.:
719 3081 856 3128 Venga
874 3093 899 3115 a
926 3081 1099 3122 Vindia,
1114 3081 1242 3116 donde
1259 3081 1424 3116 hallard
1441 3082 1566 3117 orden
1579 3081 1679 3117 delo
1695 3093 1770 3128 que
1782 3082 1911 3118 habrd
1956 3077 1958 3079 '

276 3140 326 3175 de
342 3140 478 3175 hazer.
