2196 3522
343 289 386 325 18
899 285 943 319 P.
972 283 1175 320 NATALls
1189 283 1409 318 EPHEMER.

340 391 560 447 probante
584 386 790 437 Araosio,
817 384 891 428 cui
912 384 1154 429 videbatur
1175 383 1302 426 illum
1323 382 1475 439 potius
1497 383 1663 427 debere
1690 382 1976 438 contempla-—

343 466 455 510 tioni
477 467 584 508 dare
606 477 790 520 operam
812 477 948 518 quam
971 460 1156 505 actioni.

431 542 599 598 Burgis
635 547 733 583 erat
762 541 814 583 P.
847 541 883 582 F
887 538 1143 592 ranciscus,
1174 553 1315 594 quum
1344 551 1433 595 ego
1461 538 1518 581 ad
1550 537 1679 581 illum
1706 536 1812 581 misi
1837 537 1974 580 Ioan—

342 635 445 666 nem
482 619 676 663 Paulum
691 653 701 673 ‚
742 625 787 662 et
823 615 1019 660 inuitaui
1055 617 1123 660 ad·
1149 615 1445 661 Lusitaniam.
1487 614 1627 660 Venit
1662 628 1767 658 cum
1804 615 1975 658 Busta-

340 696 511 740 mantio
534 703 579 740 et
602 695 849 739 Bernardo.
877 693 987 737 Eius
1010 693 1257 737 auctoritas
1273 706 1559 748 summopere
1575 690 1693 734 iuuit
1707 704 1781 734 res
1803 692 1978 736 Portu-

343 774 523 831 galliae.

432 850 632 907 Exposui
669 864 858 894 examen
896 856 942 893 et
978 847 1130 904 aliqua
1166 861 1222 891 ex
1259 844 1678 891 constitutionibus.
1709 844 1980 889 Confirmati

342 927 545 973 omniurn
566 927 703 970 animi
723 928 1032 970 vehementer:
1064 925 1117 969 fit
1143 939 1350 968 summus
1366 937 1618 968 concursus
1635 923 1692 966 ad
1713 921 1972 966 conciones.

345 1006 548 1049 Auctum
585 1012 654 1049 est
691 1003 935 1060 collegium
972 1001 1340 1059 vlissyponense,
1382 1000 1537 1045 addito
1563 1000 1571 1059 Ι
1598 1000 1854 1057 professore
1889 998 1983 1042 lin-⁷

346 1096 466 1139 guae
486 1095 678 1139 graecae
700 1088 745 1125 et
767 1068 1030 1124 re'thorices.
1055 1079 1309 1123 Conficitur
1328 1086 1378 1122 vt
1400 1077 1618 1135 suscipiat
1647 1092 1728 1122 rex
1748 1083 1795 1120 et
1815 1075 1983 1121 ciuitas

348 1158 526 1216 collegij
553 1173 723 1202 curam.
1687 1199 1690 1201 Α

435 1236 602 1292 Recepi
624 1236 776 1279 literas
798 1251 824 1278 a
842 1237 893 1278 P.
916 1234 1110 1292 Ignatio,
1132 1236 1193 1290 5.‘'
1212 1234 1260 1292 (?)
1288 1235 1298 1255 ¹
1322 1248 1479 1278 mense
1501 1248 1637 1289 quam
1660 1232 1979 1284 discesseram,

349 1320 394 1358 et
409 1312 786 1356 constitutionum
802 1326 961 1356 verum
979 1312 1251 1368 exemplum.
1272 1312 1308 1355 F
1313 1311 1510 1354 undatur
1527 1311 1691 1353 domus
1706 1310 1908 1366 professa
1922 1309 1980 1352 ad

348 1389 442 1433 diui
464 1390 624 1434 Rochi.
656 1389 794 1433 Fiunt
821 1388 1010 1445 professi
1039 1402 1068 1443 4
1095 1395 1306 1432 votorum
1334 1389 1425 1432 don
1446 1388 1672 1444 Goncalo,
1705 1387 1783 1444 qui
1809 1378 2024 1443 martyn'

350 1466 451 1519 fuit,
477 1466 707 1510 Antonius
729 1481 755 1509 a
778 1467 1005 1522 Quadros,
1032 1465 1110 1522 qui
1131 1472 1201 1509 est
1222 1464 1377 1511 Indiae
1396 1464 1702 1522 prouincialis,
1728 1471 1774 1509 et
1795 1465 1981 1508 Gonza-

350 1544 439 1587 lius
459 1543 645 1596 Vazius,
671 1543 749 1599 qui
771 1550 840 1588 est
861 1550 1071 1587 mortuus
1092 1541 1383 1600 prouincialis
1412 1541 1690 1587 Lusitaniae.
1715 1543 1751 1586 F
1754 1547 1884 1585 actus
1912 1547 1989 1586 est

351 1620 586 1664 coadiutor
623 1621 865 1673 formatus,
904 1628 950 1664 et
987 1633 1012 1664 2
1051 1620 1291 1665 ediderunt
1325 1626 1436 1664 vota
1471 1618 1865 1664 scholasticorum:
1907 1618 1983 1675 alij

352 1698 674 1753 sequebantur,
695 1697 773 1753 qui
789 1700 1189 1754 repraesentabant
1205 1696 1418 1741 nouitios:
1439 1699 1552 1741 haec
1569 1711 1721 1740 coram
1738 1711 1865 1753 rege,
1890 1703 1983 1741 etc.

323 1807 325 1809 .
353 1774 507 1818 Habui
528 1788 617 1831 ego
637 1774 902 1819 concionem
918 1775 1066 1819 victus
1082 1774 1423 1832 importunitate
1440 1781 1715 1827 nostrorum,
1734 1788 1851 1830 quae
1867 1774 1989 1818 male

354 1851 504 1895 cessit.
531 1852 569 1895 4
593 1851 939 1908 Syndicationes
956 1852 1189 1896 concionis
1209 1868 1353 1898 meae.

444 1928 531 1985 Egi
568 1943 672 1972 cum
708 1929 879 1986 aliquot
915 1930 1223 1974 desertoribus
1259 1929 1401 1975 libere
1438 1936 1484 1974 et
1512 1929 1810 1973 confidenter:
1835 1942 1989 1984 neque

354 2005 478 2048 volui
499 2004 677 2049 illorum
699 2020 859 2050 causas
881 2007 1052 2052 audire:
1079 2014 1257 2051 tantum
1278 2006 1388 2061 dixi,
1408 2006 1446 2051 si
1467 2007 1637 2050 vellent
1658 2006 1822 2061 redire,
1841 2019 1914 2050 me
1931 2021 1990 2051 ea

356 2082 413 2126 de
435 2097 484 2126 re
505 2096 611 2125 cum
632 2082 742 2139 ipsis
764 2089 986 2127 acturum.

445 2160 630 2215 Quanta
651 2159 938 2216 simplicitate
960 2160 1139 2218 egimus
1161 2161 1311 2206 Miron
1333 2168 1380 2206 et
1400 2175 1489 2218 ego
1511 2162 1634 2217 apud
1656 2174 1829 2218 regem.

447 2237 689 2292 Quomodo
706 2236 856 2281 Miron
874 2239 1040 2294 agebat
1056 2239 1112 2282 de
1126 2239 1264 2284 rebus
1276 2238 1438 2282 indicis
1451 2253 1557 2282 cum
1570 2237 1756 2282 nostris.
1775 2239 1830 2281 P.
1847 2238 1991 2282 Fran-

358 2313 507 2357 ciscus
527 2313 822 2357 concionatur
850 2328 954 2357 cum
981 2316 1131 2360 laude.
1159 2315 1313 2360 Alitur
1339 2330 1366 2359 a
1392 2330 1520 2372 rege,
1545 2329 1597 2359 ac
1624 2314 1851 2359 dominus.
1883 2314 1994 2358 Edit

357 2391 515 2434 ludum
543 2391 849 2434 chartularum
877 2391 1171 2448 spiritualem.
1204 2392 1434 2438 Conuenit
1462 2392 1581 2436 inter
1600 2407 1685 2436 nos
1716 2399 1767 2435 vt
1793 2392 1988 2449 praeiret

360 2469 413 2510 P.
444 2466 714 2511 Franciscus
752 2469 1028 2523 Cordubam,
1068 2471 1178 2513 dum
1215 2484 1303 2527 ego
1334 2469 1574 2513 visitabam
1602 2469 1912 2514 Conimbriam
1942 2477 1995 2513 et

359 2545 570 2587 Eboram:
601 2543 607 2602 Ι
634 2559 814 2587 rursum
831 2545 935 2588 dedi
952 2546 1016 2589 illi
1031 2547 1245 2590 Ioannem
1257 2547 1452 2590 Paulum
1468 2547 1695 2593 comitem.
1710 2546 1810 2591 Emi
1819 2547 1991 2591 mulam

360 2628 407 2664 et
426 2621 619 2674 mulum,
642 2621 769 2664 illum
791 2622 971 2666 Ioannis
994 2624 1142 2677 Pauli,
1167 2630 1254 2667 etc.
1280 2623 1641 2669 Discedebamus
1661 2624 1810 2669 Miron
1831 2631 1878 2669 et
1899 2639 1988 2682 ego

360 2699 533 2754 absque
559 2697 782 2755 pecunijs.
808 2699 925 2742 Dedi
947 2700 1313 2754 constitutiones,
1339 2700 1444 2745 dedi
1466 2703 1667 2758 regulas,
1692 2701 1843 2746 addidi
1875 2716 1997 2758 quae

359 2774 633 2818 videbantur
654 2774 803 2829 vtiles,
834 2783 881 2819 et
908 2784 1015 2820 sunt
1046 2776 1253 2821 ordinata
1283 2792 1400 2834 quae
1437 2785 1672 2835 praeterea
1698 2779 1988 2823 videbantur.

435 2919 445 2938 ¹
496 2916 584 2952 Non
598 2917 702 2952 clare
720 2916 891 2952 discerni
909 2920 1014 2955 valet
1031 2920 1125 2967 quid
1141 2920 1215 2956 hoc
1237 2921 1324 2956 loco
1342 2920 1686 2968 scriptum’fuerit.
1709 2923 1768 2958 Ex
1788 2922 1908 2969 epist.
1932 2922 1995 2967 58,

360 2987 400 3010 n.
419 2983 455 3020 7,
475 2980 608 3011 nostra
637 2974 755 3011 lectio
785 2978 1050 3014 commendari
1067 2979 1237 3024 videtur;
1257 2991 1279 3015 a
1297 2991 1431 3016 mense
1457 2980 1561 3016 enim
1579 2980 1742 3029 Aprilis,
1765 2992 1842 3028 quo
1866 2981 1996 3018 Nada}

359 3034 482 3069 Roma
505 3034 756 3080 discesserat,
782 3035 831 3071 ad
859 3035 1147 3084 Septembrem,
1162 3050 1239 3086 quo
1262 3039 1452 3087 epistolae
1480 3040 1624 3086 Ignatii
1648 3040 1724 3088 ipsi
1749 3040 1995 3088 Ulyssipone

359 3091 474 3128 datae
488 3092 662 3140 fuerunt,
681 3094 853 3142 quinque
871 3094 1027 3131 circiter
1046 3108 1202 3134 menses
1226 3099 1471 3135 effluxerant.

2188 1003 2196 1020 ι.
2190 982 2196 997 ς
2190 933 2196 974 ,...
2176 764 2196 923 μ-ῃιὴῢι-
2178 744 2196 757 ’.
2178 607 2196 737 -ἶε-Δ-’.

2184 1302 2196 1318 .·
2194 1271 2196 1274 .
2189 1227 2196 1253 ,Α
2171 1045 2196 1217 ...ῥίφω-ιζ’.
