2196 3522
1032 265 1126 303 1554
1856 269 1901 307 25

256 363 470 407 Aluares:
485 370 583 408 erat
598 377 709 408 sane
724 362 964 419 exiguum;
984 376 1042 405 ex
1058 359 1364 422 quibus[dam]
1376 361 1582 406 eiusdem
1590 361 1747 406 Patris
1759 363 1903 408 bene-

260 438 393 496 ficijs3
431 441 662 484 habebant
694 446 846 483 tamen
877 438 966 482 iam
1009 439 1248 483 ecclesiam
1291 445 1338 484 et
1376 439 1563 483 'domum
1580 473 1591 493 ,
1636 446 1731 484 etc.
1778 439 1903 485 Visi-

266 516 362 561 taui
383 523 457 560 etc
482 518 512 560 ¹.

354 637 436 681 23
941 638 1222 680 METYMNAE

355 752 465 794 Erat
477 749 660 806 quidem
674 749 736 793 ibi
749 748 1036 806 principium,
1050 749 1174 804 quod
1189 749 1359 793 fecerat
1375 749 1627 793 Rodericus
1640 751 1901 808 Duegnius:

263 827 356 885 illjc
394 835 545 871 tamen
582 841 675 870 non
710 825 980 869 habitabant
1016 826 1183 879 adhuc,
1202 826 1285 870 sed
1322 825 1450 869 iuxta
1490 827 1675 870 domum
1712 828 1904 872 Antonii

265 907 466 950 Acostae
487 905 520 947 ².
547 903 759 957 Visitaui,
790 909 879 948 etc.
906 901 996 946 Hic
1021 909 1120 946 erat
1146 909 1298 947 rector
1326 902 1587 948 Seuillanus
1610 904 1644 958 ³,
1670 905 1748 960 qui
1771 906 1906 962 plane

266 989 364 1028 erat
389 981 554 1034 laicus,
588 987 635 1025 et
662 981 923 1024 sacerdotes
958 980 974 1001 ⁴
1004 994 1109 1023 curn
1138 980 1410 1025 auctoritate
1438 979 1570 1024 facile
1596 980 1660 1024 illi
1687 983 1906 1026 suberant

267 1065 452 1116 propter
471 1057 667 1101 hominis
687 1057 903 1114 pietatem
924 1063 971 1100 et
988 1056 1274 1100 industriam:
1294 1056 1388 1100 dixi
1410 1064 1460 1100 vt
1475 1057 1616 1101 sacris
1632 1058 1903 1104 initiaretur.

270 1136 361 1180 Hic
383 1136 531 1181 fuerat
551 1134 703 1179 socius
725 1136 779 1178 P.
805 1133 1107 1179 Villanueuae
1129 1133 1175 1176 in
1202 1133 1330 1177 initio
1352 1134 1536 1192 collegij
1560 1136 1904 1192 complutensis,

269 1213 375 1258 dein
411 1211 610 1258 doctoris
645 1211 799 1255 Torris
830 1211 877 1254 in
914 1210 1043 1254 initio
1078 1211 1354 1255 salmantini.
1387 1213 1670 1269 Acceperam
1698 1213 1852 1258 literas
1881 1230 1908 1258 a

270 1293 325 1335 P.
371 1289 571 1348 Ignatio,
622 1288 788 1346 quibus
837 1287 1176 1345 praescribebat
1223 1296 1274 1332 vt
1321 1289 1575 1335 diuiderem
1623 1290 1905 1347 prouinciam

269 1370 323 1413 P.
364 1366 547 1423 Araozij
576 1366 625 1410 in
654 1379 701 1422 3:
727 1367 976 1419 Castellae,
1009 1366 1224 1410 Bethicae
1253 1373 1300 1410 et
1326 1366 1613 1424 Aragoniae:
1643 1367 1907 1425 designauit

265 1444 583 1503 prouinciales:
609 1451 655 1489 et
675 1450 726 1486 vt
746 1442 1092 1488 renunciaretur
1118 1442 1126 1502 Ι
1154 1443 1491 1488 commissarius
1513 1444 1838 1502 Hispaniarum
1859 1454 1907 1490 et

266 1522 495 1567 Indiarum
514 1523 562 1565 P.
582 1520 866 1565 FranciscuS.
885 1519 1047 1564 Visum
1067 1520 1152 1563 fuit
1169 1534 1453 1578 congregare
1467 1523 1730 1578 Metymnae
1747 1525 1909 1569 Patres

234 1613 241 1621 ·
267 1602 304 1645 F
307 1599 561 1644 ranciscum
585 1600 617 1652 ⁵,
649 1600 707 1642 D.
749 1599 955 1651 Torrem,
981 1598 1208 1652 Suadam,
1229 1597 1491 1651 Araosium,
1520 1599 1902 1644 Bustamantium.

270 1676 465 1734 Accepit
485 1691 569 1720 nos
590 1689 749 1720 omnes
770 1689 857 1719 suo
886 1682 1071 1732 sumptu
1094 1674 1230 1719 etiam
1252 1675 1388 1719 domo
1409 1675 1655 1721 liberaliter
1677 1678 1910 1722 Antonius

231 1780 235 1782 -
270 1750 458 1799 Acosta.
485 1752 725 1798 Publicata
746 1758 816 1797 est
836 1753 1052 1796 voluntas
1076 1754 1127 1795 P.
1154 1751 1342 1809 Ignatij:
1370 1753 1617 1797 renuntiati
1641 1756 1694 1797 P.
1720 1755 1757 1798 F
1759 1755 1910 1799 ranci-

271 1846 377 1877 scus
393 1830 746 1884 commissarius,
767 1831 821 1874 P.
842 1829 1066 1873 Araozius
1087 1829 1377 1886 provincialis
1398 1831 1642 1885 Castellae,
1661 1833 1719 1876 D.
1743 1833 1910 1877 Torres

273 1909 474 1962 Beticae‚
500 1910 554 1952 P.
579 1908 743 1953 Strada
766 1906 1044 1964 Aragoniae.
1071 1907 1129 1949 Et
1158 1913 1270 1960 tum,
1303 1921 1444 1963 quum
1466 1909 1593 1952 nullo
1614 1916 1749 1966 pacto
1770 1910 1908 1955 vellet

270 1987 435 2034 Strada
469 1986 549 2030 24
587 1983 819 2041 suscipere
854 1983 1159 2040 prouinciam,
1200 1983 1355 2041 accepi
1392 1985 1631 2029 consilium
1668 1987 1805 2030 dandi
1842 1987 1905 2030 illi

269 2066 323 2109 P.
350 2063 601 2121 Baptistam
623 2064 833 2106 Barmam
854 2060 1171 2114 substitutum,
1196 2062 1318 2118 quod
1340 2069 1438 2105 tum
1459 2062 1700 2107 videbatur
1721 2064 1906 2120 quidem

268 2148 451 2200 gratum
474 2140 681 2194 Stradae3
706 2139 787 2184 sed
807 2138 1086 2196 deprehendi
1106 2145 1266 2195 postea
1288 2139 1430 2185 fuisse
1451 2139 1699 2198 ingratum.

356 2220 508 2263 Araoz
530 2223 709 2261 tantum
731 2215 818 2259 fuit
838 2215 1075 2259 nobiscum
1097 2230 1189 2260 vna
1203 2223 1354 2260 nocte:
1379 2217 1597 2274 postridie
1623 2218 1738 2262 dixit
1758 2234 1808 2264 se
1830 2234 1905 2265 re-

270 2295 424 2342 uocari
445 2294 576 2351 serijs
595 2295 654 2339 de
674 2293 839 2338 causis.
866 2292 1005 2338 Visus
1026 2300 1096 2337 est
1118 2308 1257 2351 aegre
1278 2293 1436 2338 tulisse
1463 2294 1586 2339 illam
1612 2296 1900 2342 diuisionem.

269 2372 401 2418 Datis
427 2370 808 2416 instructionibus
837 2370 1050 2414 dimissus
1076 2371 1236 2414 doctor
1263 2371 1429 2415 Torres
1458 2371 1507 2415 in
1534 2373 1768 2417 Bethicam
1799 2389 1904 2418 cum

210 2448 213 2452 ’
272 2448 587 2495 Bustamantio
614 2463 698 2505 pro
725 2446 853 2491 initio
878 2446 1058 2504 collegij
1094 2446 1377 2504 hispalensis.
1407 2447 1417 2508 Ι
1443 2450 1699 2507 Acceperat
1736 2453 1904 2495 Busta-

271 2526 427 2583 mantij
459 2524 806 2583 professionem,
837 2539 910 2569 me
936 2524 1095 2578 inscio,
1138 2526 1191 2568 P.
1232 2526 1505 2571 Franciscus
1533 2527 1816 2572 Tordesillis:
1847 2528 1903 2571 li-

270 2610 372 2650 ceat
391 2602 442 2663 [?]
456 2603 577 2647 enim
594 2601 910 2646 Bustamantio
932 2603 1135 2659 professo
1156 2599 1206 2662 [?]
1222 2617 1323 2647 esse
1344 2604 1360 2626 ⁶
1383 2618 1464 2660 per
1482 2605 1535 2647 P.
1556 2604 1801 2661 Ignatium3
1821 2606 1904 2650 sed

342 2727 352 2747 ¹
403 2723 492 2758 Fol.
517 2731 562 2757 22
581 2733 624 2757 v.
647 2722 779 2757 album
793 2720 992 2758 relictum.

334 2787 349 2806 ²
399 2782 478 2818 Ms.
489 2809 499 2828 ,
517 2781 743 2817 Antonium
761 2781 966 2818 Acostam.

337 2844 352 2865 ⁸
400 2842 499 2885 Ms.,
520 2839 770 2876 Siuillanus.

337 2905 353 2925 ⁴
402 2901 479 2936 Ms.
491 2927 500 2944 ,
518 2899 806 2935 sacerdotibus.

338 2963 353 2985 ³
402 2961 493 3006 Ms.,
513 2959 562 2994 P.
582 2957 807 3005 Metymnae
824 2958 1103 2995 Franciscum.

338 3023 354 3045 ⁶
403 3019 583 3059 Obscure
611 3019 709 3053 haec
737 3018 921 3065 periodus
951 3023 1111 3054 exarata
1140 3024 1218 3055 est.
1255 3019 1405 3056 Sensus
1439 3031 1534 3056 vero
1563 3020 1660 3056 satis
1694 3021 1902 3068 perspicue

268 3085 448 3131 apparet.
936 3085 939 3088 “
