2196 3522
2 1282 10 1289 P
0 1253 10 1265 ’τ
0 1225 2 1238 ⁴⁴
0 969 17 1202 *⁷¹-1u-*w‘rvq-
0 918 4 942 vv

0 3406 20 3522 &ww-<³

951 280 1172 317 Arpnnmx
1711 287 1714 289 ’
1803 282 1874 328 565

244 380 405 435 rentie,
434 381 657 434 Ferrarie,
689 388 735 426 et
757 381 853 437 jam
882 395 971 438 ago
998 379 1205 426 Viennae
1233 381 1412 426 circiter
1441 393 1466 436 7
1495 396 1649 426 annos.
1689 382 1756 425 16.
1786 383 1873 426 Fui

245 442 415 485 Romae
437 441 564 497 quasi
586 455 666 497 per
687 455 856 484 annum
882 440 929 483 in
958 440 1240 496 probatione,
1265 448 1312 486 et
1339 442 1397 485 ad
1424 441 1611 497 primam
1641 442 1872 497 probatio-

244 515 349 544 nem
366 514 423 543 ex
439 500 525 543 illis
542 514 621 543 sex
637 501 904 556 respondeo:
930 499 994 543 1.⁰
1009 499 1115 543 Feci
1132 500 1344 544 exercitia
1360 499 1623 556 spiritualia.
1642 500 1710 543 2.⁰
1722 502 1871 545 Inser-

245 559 337 601 vivi
364 559 638 616 pauperibus
669 559 715 602 in
742 558 1036 603 xenodochio.
1078 560 1146 614 3.⁰
1183 559 1506 615 Peregrinatus
1540 574 1656 603 sum.
1687 561 1758 614 4⁰
1785 561 1871 604 Fui

245 618 450 662 minister
470 618 542 661 hic
564 634 644 674 per
665 633 851 671 annum,
875 618 1148 661 infirmarius
1170 619 1469 661 laborantium
1493 632 1548 661 ex
1569 626 1712 674 peste,
1739 634 1871 675 prae-

246 678 392 721 fectus
423 677 643 730 sanitatis,
678 686 766 722 ete.
809 677 876 732 5.⁰
912 677 1060 721 Docui
1095 677 1344 720 doctrinam
1382 677 1670 721 christianam
1706 692 1872 734 pueros

245 736 505 793 germanice
526 736 572 779 in
593 737 758 781 nostris
779 736 958 780 scholis.
982 736 1051 780 6.⁰
1073 736 1383 780 Concionatus
1415 751 1514 780 sum
1539 737 1612 780 hic
1634 751 1715 793 per
1736 752 1871 781 vnam

244 796 635 852 quadragesimam
658 796 916 852 germanice
932 795 979 838 in
996 803 1150 839 nostro
1167 797 1348 851 templo:
1363 803 1465 851 post
1481 796 1716 851 prandium
1734 797 1870 840 audio

243 855 566 907 confessiones,
592 862 638 899 et
655 855 720 897 fui
737 854 1038 898 confessarius
1054 854 1354 898 laborantium
1372 868 1427 897 ex
1444 862 1585 910 peste.
1606 855 1720 912 Legi
1736 858 1879 899 scho·'

244 914 414 957 lasticis
435 914 638 971 linguam
661 915 955 958 haebream...
982 915 1093 958 Sum
1115 921 1349 970 promotus
1365 914 1411 956 in
1428 914 1694 970 magistrum
1711 930 1737 957 a
1753 917 1866 960 Rev,

244 974 382 1018 Patre
404 975 566 1017 Natale
587 973 780 1018 Vienne.
814 985 881 1027 17.
907 972 1099 1017 Circiter
1121 974 1147 1016 8
1170 980 1248 1016 aut
1269 988 1297 1030 9
1319 987 1462 1016 annos
1478 973 1524 1015 in
1540 975 1722 1018 saeculo
1744 973 1868 1030 [ope-

243 1047 337 1075 ram
361 1032 522 1076 studiis
538 1032 731 1088 navavi].
752 1034 803 1076 In
819 1032 1046 1077 Societate
1062 1031 1420 1086 humanioribus,
1444 1032 1609 1088 grecis,
1628 1033 1866 1085 hebraicis,

244 1091 496 1136 rhetoricae
517 1093 634 1135 duos
662 1106 820 1143 annos,
852 1099 898 1134 et
926 1091 1239 1147 philosophiae
1266 1092 1419 1134 studui
1448 1092 1627 1134 duobus
1655 1092 1800 1144 annis,
1824 1100 1870 1136 et

244 1150 501 1206 theologiae
539 1162 562 1205 5
601 1150 744 1194 annis.
786 1151 890 1194 Non
927 1150 1063 1194 docui
1100 1151 1207 1194 alibi
1242 1157 1369 1194 extra
1406 1150 1695 1203 Societatem,
1735 1152 1867 1194 docui

245 1209 423 1254 Vienne
450 1209 495 1252 in
524 1211 666 1254 classe
699 1209 993 1253 humanitatis
1026 1209 1203 1266 copiam
1230 1211 1474 1254 verborum
1504 1217 1549 1252 et
1576 1210 1729 1254 nescio
1759 1211 1867 1267 quid

242 1269 380 1322 aliud3
406 1283 509 1311 nam
531 1276 639 1312 sunt
652 1269 746 1325 jam
768 1270 884 1312 bene
906 1268 1106 1325 quinque
1133 1276 1212 1312 aut
1233 1283 1313 1313 sex
1340 1269 1461 1312 anni.
1497 1269 1644 1312 Docui
1664 1269 1866 1326 linguam

245 1327 501 1372 hebraicam
524 1343 604 1384 per
627 1338 650 1383 5
673 1342 826 1371 annos.
854 1329 941 1384 [III,
966 1329 1068 1383 444]

336 1400 373 1430 Ι.
431 1388 634 1443 joannes
656 1389 910 1431 Pionneus.
938 1399 979 1430 2.
1005 1387 1213 1444 Triginta
1235 1394 1325 1431 tres
1346 1401 1488 1430 annos
1510 1394 1659 1430 natus.
1687 1400 1727 1442 3.
1753 1388 1866 1431 Gal-

239 1446 325 1498 lus,
354 1445 741 1502 andegauensis...
773 1459 839 1490 12.
859 1448 959 1504 Jam
983 1446 1135 1503 agitur
1156 1445 1360 1490 decimus
1387 1453 1576 1501 quartus
1605 1461 1751 1490 annus
1772 1448 1860 1490 Ro-

238 1519 339 1548 mae
361 1505 582 1548 admissus
605 1513 650 1550 et
671 1505 952 1550 examinatus
982 1506 1102 1549 circa
1130 1518 1184 1560 23
1214 1505 1479 1549 Decembris
1516 1516 1564 1560 15
1571 1516 1642 1560 543
1668 1507 1865 1549 Laureto

242 1570 394 1608 tamen
427 1577 476 1619 13
503 1564 705 1608 eiusdem
732 1565 900 1608 mensis
926 1564 999 1608 die
1027 1567 1215 1608 Romam
1248 1564 1467 1608 missus...
1516 1577 1582 1618 14.
1624 1566 1861 1609 Sacerdos.

243 1633 310 1677 15.
331 1624 378 1666 In
397 1623 589 1680 collegio
606 1637 806 1676 romano,
826 1623 1055 1680 perusino,
1079 1623 1305 1677 eborensi,
1330 1623 1691 1675 conimbricensi,
1714 1623 1862 1667 ulissi—

236 1682 441 1738 ponensi,
466 1682 729 1726 turnonensi
750 1690 796 1726 et
817 1683 1107 1740 lugdunensi.
1140 1684 1207 1726 16.
1234 1684 1454 1727 Versatus
1475 1698 1574 1725 sum
1598 1683 1644 1725 in
1667 1682 1864 1727 seruitiis

237 1741 496 1785 domesticis
518 1743 687 1785 Romae
710 1748 801 1784 tres
822 1750 901 1785 aut
922 1749 1116 1797 quatuor
1138 1756 1332 1794 menses,
1353 1749 1398 1786 et
1416 1742 1615 1797 quinque
1633 1743 1704 1786 vel
1721 1757 1801 1786 sex
1817 1741 1862 1784 in

237 1800 486 1853 Lusitania,
513 1800 844 1854 Conimbricae,
870 1808 915 1845 et
937 1803 1130 1854 Eborae3
1155 1801 1262 1845 item
1296 1801 1520 1857 Perugiae
1542 1801 1676 1844 docui
1699 1815 1863 1857 pueros

237 1873 316 1915 per
338 1860 450 1902 duas
472 1861 605 1902 horas
627 1859 827 1915 quotidie
849 1860 992 1903 tribus
1014 1867 1093 1904 aut
1114 1868 1309 1917 quatuor
1324 1860 1573 1913 mensibus,
1594 1875 1713 1903 unus
1730 1874 1861 1916 prae-

235 1918 430 1975 ceptoris
447 1919 696 1962 coadiutor.
708 1953 736 1962 ..
763 1920 935 1962 Romae
949 1927 1128 1964 creatus
1144 1934 1244 1962 sum
1262 1919 1478 1976 magister
1495 1919 1540 1962 in
1558 1919 1857 1975 philosophia.

236 1978 359 2020 Ante
387 1977 641 2034 ingressum
670 1978 830 2021 studiis
859 1978 1169 2036 humanitatis,
1201 1978 1468 2032 rhetoricae,
1498 1978 1637 2021 literis
1667 1978 1858 2035 graecis,

233 2036 496 2081 dialecticae
512 2044 558 2081 et
574 2037 902 2092 aliquantulum
919 2037 1079 2081 studiis
1101 2037 1445 2081 mathematicis.
1470 2039 1578 2080 Post
1600 2037 1858 2093 ingressum

232 2110 341 2140 vero
364 2095 596 2148 retoricae,
617 2096 940 2152 philosophiae,
961 2096 1234 2153 theologiae,
1255 2096 1616 2149 mathematicae,
1637 2096 1861 2140 hebraicis

233 2154 390 2207 literis,
421 2162 528 2207 etc.,
554 2154 734 2198 casibus
762 2155 1064 2199 conscientiae
1091 2170 1273 2212 operam
1301 2156 1421 2200 dedi.
1454 2157 1576 2199 Ante
1604 2155 1860 2212 ingressum

232 2213 471 2258 Societatis
492 2214 626 2257 docui
647 2229 895 2269 nunquam;
919 2222 1021 2271 post
1043 2214 1299 2271 ingressum
1322 2215 1456 2258 docui
1481 2214 1694 2258 Perusiae
1714 2214 1858 2270 prima

233 2273 488 2316 rudimenta
509 2273 846 2329 grammaticae,
867 2280 1043 2316 tantum
1060 2281 1145 2326 est,
1165 2273 1339 2330 opinor,
1365 2281 1455 2318 tres
1472 2288 1649 2317 menses
1669 2280 1747 2316 aut
1764 2288 1861 2316 am-

234 2331 366 2387 plius.
385 2333 559 2376 Eborae
576 2332 727 2376 literas
743 2347 930 2389 graecas
949 2343 972 2387 5
991 2347 1185 2386 menses;
1202 2332 1516 2376 Conimbricae
1534 2332 1858 2376 humanitatem

234 2405 315 2446 per
350 2406 551 2435 mensem
587 2393 747 2445 ferme;
781 2391 1079 2447 Ulyssiponae
1115 2392 1439 2436 humanitatem
1476 2407 1555 2447 per
1590 2406 1774 2442 annum,
1815 2398 1861 2434 et

236 2449 504 2493 rhetoricam
529 2451 667 2495 ferme
688 2465 768 2507 per
791 2458 881 2495 tres
903 2465 1067 2503 annos,
1096 2451 1289 2507 demptis
1315 2451 1524 2495 videlicet
1553 2463 1580 2503 4
1607 2449 1855 2494 mensibus.

236 2509 404 2552 Romae
436 2509 587 2553 literas
606 2512 811 2566 ‘graecas
847 2510 1077 2565 professus
1113 2525 1193 2566 per
1228 2525 1412 2554 annum.
1454 2509 1657 2553 Turnoni
1694 2522 1858 2551 nouem

234 2567 466 2611 mensibus
487 2569 718 2623 professus
745 2583 846 2611 sum
870 2568 1159 2625 theologiam,
1183 2576 1229 2612 et
1249 2569 1414 2612 ibidem
1437 2569 1607 2623 aliquot
1629 2567 1859 2611 mensibus

234 2626 518 2670 rhetoricam.
559 2628 774 2684 Lugduni
810 2628 944 2670 docui
971 2627 1123 2672 literas
1150 2642 1338 2683 graecas
1366 2628 1576 2672 undecim
1606 2626 1855 2679 mensibus,

230 2693 276 2728 et
303 2685 469 2728 ibidem
499 2686 771 2729 rethoricam
795 2688 852 2729 ad
875 2687 899 2729 8
928 2687 1001 2731 vel
1022 2701 1050 2743 9
1073 2701 1274 2740 menses;
1301 2688 1380 2731 sed
1402 2687 1447 2729 id
1476 2687 1632 2730 eodem
1658 2692 1859 2740 tempore

229 2758 309 2787 seu
332 2759 468 2796 anno,
493 2745 616 2787 horis
639 2753 815 2788 tantum
845 2745 1051 2788 diuersis.
1077 2746 1167 2790 Sex
1196 2761 1375 2791 menses
1404 2745 1579 2801 praefui
1607 2743 1858 2787 conuictori

228 2804 316 2846 bus
343 2803 564 2857 Turnoni,
596 2804 673 2846 ubi
703 2804 838 2847 etiam
876 2804 1065 2860 exposui
1094 2804 1342 2847 doctrinam
1380 2804 1669 2848 christianam
1698 2802 1859 2847 diebus

226 2861 466 2905 dominicis
493 2862 539 2904 in
568 2870 722 2906 nostro
745 2864 927 2915 sacello,
958 2862 1111 2908 nescio
1141 2871 1251 2918 quot
1279 2864 1527 2915 mensibus,
1559 2862 1694 2905 credo
1723 2861 1857 2916 quin-

227 2935 317 2976 que
338 2922 410 2964 vel
431 2935 526 2965 seX.
554 2921 861 2965 Concionatus
883 2937 963 2978 per
984 2922 1375 2978 quadragesimam
1397 2922 1444 2965 in
1475 2922 1641 2977 templo
1663 2919 1859 2963 maximo

229 2987 297 3023 ter
318 2979 364 3022 in
393 2981 689 3023 hebdomada.
722 2980 937 3037 Lugduni
964 2981 1138 3037 praefui
1166 2981 1506 3025 conuictoribus
1536 2980 1622 3023 iam
1646 2979 1856 3023 undecim

230 3038 477 3092 mensibus,
503 3039 580 3082 ubi
603 3038 738 3084 etiarn
768 3039 956 3096 exposui
983 3040 1234 3084 doctrinam
1261 3040 1550 3084 christianam
1581 3053 1661 3095 per
1687 3037 1858 3094 aliquot
