2196 3522
1077 290 1092 317 1
1099 282 1165 326 561
1670 298 1674 303 ·
1897 285 1945 322 83

298 380 504 425 dericum
525 383 738 437 Gomem,
762 398 899 439 quem
919 384 1091 429 scimus
1111 386 1229 430 bene
1250 399 1419 443 cupere
1440 386 1655 441 Araozio,
1690 387 1818 432 illum
1839 389 1945 446 plu-

299 459 402 502 rimi
431 460 596 514 facere,
627 460 749 505 illius
779 461 915 506 etiam
944 463 1179 527 beneficijs
1204 471 1251 507 et
1279 463 1513 521 obsequijs
1538 479 1642 509 esse
1668 465 1940 523 obligatum;

301 536 558 594 suscepisse
594 540 712 582 hanc
741 553 926 583 causam
961 547 1120 584 contra
1141 555 1214 584 me
1241 547 1288 585 et
1324 540 1599 587 Societatem
1621 557 1705 600 pro
1725 539 1940 598 Araozio,

301 616 425 670 quod
445 615 679 660 videretur
698 631 801 660 mea
820 615 1023 661 visitatio
1051 617 1185 662 vnice
1206 625 1367 663 contra
1386 621 1511 662 hunc
1535 621 1720 665 Patrem
1748 635 1850 665 esse
1870 621 1918 664 in
1931 647 1943 652 -

302 692 478 737 stituta.
511 694 617 749 Qua
643 709 699 739 ex
727 709 777 739 re
803 693 811 753 Ι
837 695 982 738 multa
1008 696 1407 751 consequebantur
1436 697 1472 739 ¹:
1503 696 1717 753 primum,
1747 697 1942 755 gratiam

300 771 421 827 apud
443 785 600 828 regern
628 779 674 816 et
700 771 1021 829 hispalensem,
1050 779 1101 815 vt
1128 773 1350 828 probabat
1377 773 1644 818 charitatem
1673 788 1803 818 suam
1831 789 1940 832 erga

298 847 430 905 regni
447 849 1083 902 commoditates,⁴Araozium
1105 850 1424 894 demerebatur
1446 851 1479 903 ²,
1505 858 1593 894 etc.

387 927 522 970 Hanc
556 925 815 983 opinionem
852 925 963 969 mihi
999 926 1288 971 confirmauit
1309 927 1371 982 id,
1395 925 1549 988 [quod]
1570 928 1802 985 Compluti
1839 942 1939 972 sum

295 1003 502 1047 dicturus
522 1003 581 1048 de
601 1002 743 1047 literis
763 1003 1028 1060 interceptis
1049 1011 1095 1049 et
1117 1003 1216 1049 eius
1238 1005 1359 1061 apud
1381 1019 1454 1050 me
1475 1005 1696 1050 oratione.

386 1082 539 1138 Pergo
575 1088 699 1126 recta
736 1081 1046 1138 Complutum.
1088 1082 1156 1125 Ex
1187 1081 1350 1127 itinere
1381 1083 1532 1126 saluto
1580 1082 1791 1127 comitem
1834 1098 1939 1127 oro-

294 1172 514 1215 pesanum
551 1165 598 1202 et
634 1157 928 1202 marchissam
966 1160 1292 1204 machedanam
1330 1167 1377 1203 et
1420 1159 1605 1204 fratrem
1649 1160 1741 1204 don
1786 1161 1938 1204 Theo—

296 1235 487 1279 tonium.
515 1235 648 1280 Mitto
676 1235 917 1281 Ximenem
940 1237 998 1280 ad
1023 1237 1259 1282 doctorem
1289 1239 1558 1296 Vergaram,
1589 1253 1758 1295 rogans
1783 1245 1836 1281 vt
1856 1253 1937 1283 ve·

295 1313 413 1357 niret
432 1314 544 1358 165
570 1314 863 1371 Complutum
895 1320 946 1357 vt
963 1315 1021 1359 de
1041 1314 1097 1358 iis
1125 1316 1262 1360 rebus
1283 1330 1367 1360 nos
1393 1315 1583 1360 consilio
1612 1315 1807 1361 iuuaret.
1834 1317 1937 1361 Non

294 1391 459 1448 potuit,
499 1392 621 1448 quod
664 1399 845 1449 gereret
887 1391 1012 1438 vices
1057 1392 1376 1449 inquisitorum
1421 1393 1693 1438 absentium.
1725 1393 1932 1450 Scripsit.

294 1468 487 1514 Miratus
507 1476 578 1514 est
599 1471 909 1524 vehementer;
934 1477 981 1515 et
1008 1477 1161 1515 tamen
1183 1485 1232 1515 se
1254 1470 1368 1515 dixit
1384 1471 1472 1515 iam
1491 1479 1597 1516 ante
1620 1473 1708 1515 hoc
1733 1470 1938 1515 timuisse

291 1560 350 1591 ne
369 1547 578 1592 eueniret
601 1549 633 1591 ³.

380 1669 495 1713 166
938 1683 1202 1723 commun,
1224 1673 1288 1725 3.‘’

381 1782 500 1828 Veni
521 1783 819 1840 Complutum
842 1797 947 1827 cum
970 1783 1114 1828 Teuc.
1141 1782 1346 1828 Intellexi
1368 1797 1463 1829 rem
1487 1790 1628 1826 totam
1657 1783 1715 1826 ab
1737 1782 1934 1826 Araozio

292 1867 339 1906 et
361 1862 414 1905 P.
442 1859 663 1915 Antonio,
687 1868 734 1904 et
754 1860 801 1904 in
822 1860 894 1904 his
915 1875 1016 1904 sum
1046 1861 1357 1914 confirmatus,
1394 1875 1510 1917 quae
1532 1867 1667 1905 antea
1689 1859 1930 1917 cogitaue—

292 1951 404 1982 ram.
430 1937 602 1982 Addidi
622 1939 761 1994 quod,
781 1953 924 1994 quum
941 1953 1033 1982 non
1050 1937 1282 1983 crederem
1301 1937 1547 1982 Araozium
1566 1952 1658 1981 non
1676 1937 1817 1982 fuisse
1833 1936 1925 1981 illa-

290 2030 391 2060 rum
415 2016 651 2060 turbarum
673 2022 924 2068 auctorem,
950 2016 1013 2059 ita
1034 2014 1081 2058 in
1104 2015 1202 2072 ipso
1223 2015 1367 2059 multa
1387 2030 1480 2059 non
1502 2015 1766 2072 probabam.

377 2095 470 2138 Iam
506 2092 702 2150 primum
739 2100 979 2150 propterea
1009 2093 1249 2136 audiebam
1287 2094 1344 2136 ab
1390 2092 1588 2137 Araozio
1625 2091 1929 2148 hispalensem

285 2177 447 2228 putare
468 2185 540 2214 me
562 2169 807 2227 impulsore
827 2169 1107 2215 discessisse.
1139 2170 1145 2227 Ι
1174 2171 1449 2214 Aecuratam
1472 2169 1631 2226 scripsi
1664 2183 1719 2213 ea
1755 2169 1814 2214 de
1847 2167 1932 2228 [re]

287 2247 562 2305 apologiam,
588 2254 634 2292 et
655 2247 841 2291 omnino
862 2247 1062 2304 volujsse
1090 2248 1147 2290 ad
1225 2261 1301 2289 um
1334 2246 1475 2299 adire,
1500 2253 1546 2290 et
1568 2260 1661 2290 non
1694 2246 1842 2290 solum
1876 2259 1931 2288 ea

286 2338 530 2381 exponere,
555 2339 674 2381 quae
705 2324 990 2381 scripseram,
1019 2325 1102 2369 sed
1123 2324 1407 2369 confidenter
1433 2324 1681 2369 defendere
1703 2323 1923 2366 innocen-

289 2401 397 2446 tiam
435 2403 489 2446 P.
525 2403 562 2446 F
565 2401 773 2456 rancisci3
794 2410 839 2447 et
952 2403 983 2445 d
1015 2416 1138 2445 eram
1171 2397 1424 2446 additurus:
1465 2401 1636 2457 siquid
1667 2407 1805 2453 esset,
1840 2413 1923 2443 cur

288 2477 409 2522 illius
443 2479 771 2536 profectionem
807 2494 901 2523 non
935 2478 1285 2535 interpellasset,
1313 2493 1453 2535 quum
1491 2477 1715 2535 potuisset
1754 2490 1806 2520 ac
1844 2477 1925 2520 de—

288 2555 484 2599 buisset?

377 2633 598 2678 Volebam
625 2641 860 2690 praeterea
880 2649 1036 2692 regem
1058 2634 1199 2687 adire,
1223 2641 1273 2677 vt
1294 2647 1559 2678 excusarem
1581 2631 1856 2677 Societatem
1879 2637 1925 2673 et

285 2725 373 2753 me.
399 2710 625 2754 Neutrum
647 2710 977 2775 consuluerunt
999 2713 1176 2763 Patres,
1201 2710 1527 2756 dissuadebant
1547 2710 1655 2752 187
1684 2708 1818 2753 etiam
1842 2721 1923 2751 ve-

282 2789 518 2832 hementer
541 2786 785 2840 Araozius,
818 2789 955 2832 Pater
981 2787 1091 2833 item
1119 2786 1366 2831 Antonius.
1391 2789 1657 2831 Nocturnus
1679 2791 1845 2838 metus,
1876 2791 1922 2828 et

280 2863 581 2916 confirmatio,
606 2870 694 2908 etc.
726 2863 863 2907 Volui
890 2864 1091 2919 visitare,
1121 2865 1203 2908 sed
1235 2879 1291 2909 ex
1313 2865 1575 2909 eorumdem
1603 2861 1792 2905 consilio
1818 2860 1923 2904 misi

355 2992 366 3012 ¹
404 2970 516 3034 *Ms.,
531 2989 854 3035 consequebatur.

351 3052 367 3071 ²
418 3048 679 3094 SAccmsz,
698 3049 773 3084 loc.
792 3048 878 3094 cit.,
895 3059 935 3083 n.
954 3047 1014 3093 37.

354 3109 369 3130 ³
418 3109 503 3143 Fol.
526 3108 592 3153 165
611 3119 649 3143 v.
669 3119 809 3155 purum
822 3106 1004 3142 relietum
1022 3113 1097 3144 est.
