2196 3522
1070 245 1162 291 1556
1884 242 1936 289 43

292 351 419 407 quod
439 363 528 406 ego
549 347 849 400 dissimulaui‚
876 361 1016 402 quum
1044 345 1206 391 scirem
1233 360 1307 390 me
1327 343 1392 388 illi
1418 358 1511 387 non
1527 358 1628 389 esse
1655 342 1930 389 subiectum.

295 428 454 484 Quum
470 425 519 469 in
539 425 770 468 musaeolo
786 423 851 467 illi
866 423 1063 468 dicerem
1081 437 1183 467 esse
1198 422 1481 466 voluntatem
1499 420 1648 464 Patris
1670 436 1728 465 ne
1751 435 1802 465 se
1817 420 1935 471 affli-

290 510 427 562 geret
446 501 827 560 flagellationibus
853 489 1224 557 et'poenitentijs,
1255 497 1487 555 respondit
1508 504 1780 542 commotus:
1811 499 1934 543 «Vos

298 580 473 626 facietis
492 587 543 623 vt
564 594 652 636 ego
674 579 881 624 secedam
903 578 961 621 ad
981 575 1300 620 carthusiam.»
1332 576 1450 619 Cum
1480 577 1538 619 P.
1565 574 1772 619 Antonio
1792 577 1934 621 vehe-

295 673 426 703 mens
447 656 726 701 concertatio
751 670 853 699 mea
879 655 936 699 de
966 661 1183 710 tempore,
1216 653 1338 708 quod
1365 653 1475 696 dant
1502 652 1851 698 constitutiones
1877 653 1935 697 ad

294 736 538 780 orandum.
1144 734 1150 739 '

387 810 581 868 Repperi
611 811 705 855 fere
730 823 831 853 esse
866 814 1086 852 mutatam
1123 806 1342 850 rationem
1379 820 1479 850 eam
1516 820 1685 859 rerum,
1711 822 1822 863 quas
1845 823 1935 865 ego

294 889 583 933 institueram
604 887 651 930 in
674 885 818 943 prima
839 883 1115 928 visitatione.

385 965 574 1010 Dixerat
589 963 772 1020 quidem
794 962 904 1006 mihi
925 963 980 1006 P.
1006 960 1228 1018 Ignatius,
1252 967 1302 1003 vt
1323 960 1529 1005 iuuarem
1548 963 1600 1005 P.
1621 962 1657 1004 F
1659 962 1930 1017 ranciscum,

293 1050 344 1088 et
370 1041 670 1086 communiter
698 1055 770 1084 res
802 1038 1037 1097 grauiores
1068 1052 1326 1095 ageremus3
1353 1052 1511 1082 verum
1539 1053 1681 1094 quum
1703 1038 1932 1097 intellige-

296 1135 393 1164 rem
410 1134 502 1163 non
529 1132 631 1163 esse
657 1125 840 1176 gratum
869 1119 922 1160 P.
957 1115 1201 1160 Francisco
1222 1115 1296 1159 ⁷2
1338 1122 1387 1158 vt
1416 1130 1489 1159 me
1515 1115 1814 1161 immiscerem
1844 1131 1934 1174 gu—

297 1196 569 1248 bernationi,
589 1195 771 1239 cohibui
793 1208 881 1248 me3
907 1207 960 1238 ac
981 1208 1040 1238 ne
1061 1192 1277 1236 admonui
1298 1191 1480 1249 quidem
1502 1192 1645 1245 illum,
1670 1194 1935 1250 praesertim

294 1288 440 1330 quum
460 1287 553 1317 non
574 1271 902 1317 successissent
922 1269 1033 1314 mihi
1054 1271 1172 1315 duae
1193 1270 1267 1314 vel
1288 1277 1380 1314 tres
1401 1270 1746 1314 admonitiones:
1770 1286 1858 1315 vna
1878 1272 1935 1316 de

297 1350 516 1407 magistro
543 1348 811 1403 Montesiae,
840 1363 978 1404 quem
1005 1362 1094 1405 ego
1122 1362 1214 1391 non
1242 1347 1484 1392 censebam
1513 1347 1822 1404 recipiendum
1851 1350 1934 1393 do-

297 1442 438 1481 mum3
459 1441 544 1472 nec
576 1427 587 1448 ¹
617 1426 914 1482 separandam
941 1431 1115 1482 partem
1146 1425 1308 1468 domus
1334 1439 1415 1481 pro
1442 1424 1714 1481 hospitibus;
1739 1441 1824 1470 nec
1851 1426 1935 1470 do—

294 1519 420 1548 mum
442 1503 751 1561 recipiendum
774 1503 1031 1558 quemdam,
1057 1501 1134 1558 qui
1151 1501 1197 1545 in
1220 1501 1315 1545 rixa
1336 1501 1473 1545 alium
1495 1502 1830 1558 vulnerauerat;
1850 1519 1934 1549 nec

293 1588 346 1624 vt
366 1581 414 1624 in
430 1580 711 1638 professione
733 1579 965 1636 Baptistae
991 1580 1050 1624 de
1078 1581 1242 1623 Barma
1268 1579 1398 1624 fieret
1426 1586 1517 1624 tam
1546 1580 1744 1636 amplum
1773 1582 1934 1625 conui—

297 1658 439 1712 uium,
458 1665 547 1704 etc.
567 1657 783 1702 Grauiter
798 1656 919 1700 enim
936 1656 1040 1700 tulit
1056 1656 1191 1702 etiam
1213 1657 1270 1701 de
1292 1656 1549 1713 recipiendo
1577 1657 1583 1715 Ι
1612 1657 1866 1703 facinoroso
1888 1667 1935 1705 et

294 1736 354 1780 de
375 1733 592 1792 magistro
614 1735 672 1779 de
693 1733 934 1786 Montesia,
959 1740 1047 1777 etc.
1073 1734 1206 1777 Hanc
1222 1733 1442 1778 rationem
1459 1748 1600 1790 quum
1616 1735 1759 1779 nollet
1777 1743 1932 1783 tenere

243 1820 253 1823 ”
298 1815 350 1857 Ρ.
374 1811 592 1866 Victoria,
610 1811 690 1867 qui
705 1818 882 1854 tantum
902 1818 1139 1867 acceperat
1159 1825 1186 1854 a
1209 1813 1345 1855 Patre
1366 1811 1543 1868 Ignatio
1567 1812 1827 1857 facultatem
1849 1815 1932 1858 ad-

295 1888 524 1942 monendi3
549 1887 726 1932 audiuit
747 1903 773 1931 a
796 1890 848 1931 P.
888 1888 925 1931 F
927 1886 1147 1931 rancisco:
1192 1894 1269 1931 «tu
1305 1887 1378 1931 dic
1412 1902 1530 1944 quae
1565 1888 1704 1933 velis»
1728 1898 1816 1934 etc.
1842 1891 1933 1935 Hic

294 1965 497 2011 animum
518 1965 746 2009 infensum
768 1964 815 2007 in
836 1979 910 2009 me
936 1965 1126 2009 Stradae
1152 1964 1341 2022 agnoui,
1370 1971 1417 2009 et
1445 1980 1584 2022 quum
1615 1967 1729 2011 dure
1759 1982 1832 2012 me
1853 1983 1932 2012 ac-

294 2043 506 2101 cepisset,
532 2043 787 2099 exprobans
807 2040 942 2086 etiam
965 2042 1087 2097 quod
1110 2041 1174 2084 illi
1198 2041 1424 2087 dedissem
1447 2043 1761 2098 substitutum;
1782 2045 1932 2089 retudi

291 2119 416 2164 illius
437 2120 576 2164 verba
596 2118 761 2171 acrius,
781 2124 832 2161 vt
852 2118 1046 2175 amplius
1066 2117 1176 2161 mihi
1198 2133 1291 2163 non
1308 2119 1445 2164 fuerit
1465 2120 1699 2164 molestus.

235 2256 238 2259 Ι
383 2196 511 2241 Fecit
532 2195 861 2253 professionem
884 2194 1088 2252 Baptista
1104 2195 1162 2239 de
1179 2197 1358 2249 Barma,
1378 2196 1679 2242 concionatus
1695 2205 1766 2243 est
1782 2200 1930 2243 Arao-

294 2273 410 2327 zius,
428 2272 663 2330 primarios
683 2272 759 2316 ⁷3
780 2273 1030 2316 monachos
1050 2272 1234 2316 vocauit
1249 2273 1308 2316 ad
1327 2273 1567 2330 prandium
1587 2268 1639 2318 P.
1660 2276 1696 2319 F
1699 2276 1931 2320 ranciscus

284 2366 354 2402 fex
369 2350 581 2394 omnibus
601 2348 852 2403 ordinibus,
877 2356 924 2407 et
943 2363 1000 2393 ex
1023 2356 1225 2406 tempore
1245 2349 1359 2393 dixit
1380 2357 1430 2394 vt
1445 2352 1775 2408 prandentibus
1797 2353 1883 2397 illis
1905 2368 1931 2396 e

293 2433 523 2484 suggestu
543 2425 712 2482 aliquid
727 2425 925 2471 dicerem
946 2425 1085 2471 latine
1105 2426 1163 2470 de
1184 2426 1425 2472 Societatis
1446 2427 1670 2472 instituto.
1697 2429 1808 2475 Mihi
1838 2445 1929 2474 non

299 2503 386 2546 fuit
410 2502 578 2548 dificile
606 2503 758 2547 dicere
785 2502 1021 2560 imparat03
1056 2503 1138 2548 sed
1159 2503 1271 2547 illud
1299 2504 1420 2548 sensi
1448 2505 1482 2558 ²,
1513 2506 1636 2561 quod
1664 2521 1721 2550 ex
1742 2506 1930 2563 imperio

294 2595 388 2624 non
409 2579 689 2623 admonitum
709 2577 1159 2636 compellasset3'non
1180 2581 1297 2626 male
1319 2588 1471 2627 tamen
1492 2582 1645 2626 cessit.

384 2655 551 2712 Recepi
571 2654 724 2699 literas
747 2658 799 2699 P.
820 2656 983 2713 Ignatij
1007 2658 1355 2715 obiurgatorias,
1387 2660 1513 2715 quod
1541 2659 1727 2704 fuissem
1751 2667 1927 2713 auctor,

292 2741 344 2777 vt
379 2732 427 2776 in
463 2725 706 2776 fundandis
732 2733 953 2798 collegijs,
978 2749 1059 2791 pro
1080 2735 1274 2793 singulis
1301 2735 1517 2792 operariis
1545 2737 1560 2758 ³
1589 2736 1663 2780 vel
1684 2737 1930 2781 lectoribus

292 2816 551 2867 peteremus
572 2808 631 2852 ali
652 2809 767 2852 duos
788 2811 1095 2856 scholasticos.
1123 2814 1280 2870 Aegre
1302 2812 1400 2866 tuli,
1433 2820 1480 2858 et
1508 2827 1648 2869 quum
1671 2813 1931 2871 rescripsis-

374 2938 384 2958 ¹
435 2935 609 2979 Ms.,ne.

371 2997 386 3017 ⁴2
436 2993 527 3037 Ms.,
550 3003 684 3028 sensu.

373 3055 389 3075 ³
438 3052 528 3094 Ms.,
547 3049 783 3099 operaribus
792 3079 800 3086 .
