2196 3522
334 277 405 318 620
953 276 1091 317 Emsr.
1118 275 1167 317 P.
1198 277 1349 318 NADAL

336 392 387 426 ut
408 383 527 426 illius
557 380 726 439 accipe,
750 389 797 426 et
824 388 929 427 tuae
955 381 1283 427 benedictionis
1311 382 1552 441 participes
1579 375 1850 430 nosredde.
1883 383 1966 436 Est

336 443 382 486 in
404 445 489 486 hac
510 443 643 486 domo
664 442 917 486 louaniensi
938 443 1096 486 doctor
1118 442 1317 499 quidam,
1341 442 1580 488 Societatis
1602 444 1852 501 professus,
1878 444 1965 489 Ni-

337 503 490 545 colaus
511 502 764 547 Gaudanus
785 501 981 555 nornine,
1008 501 1085 558 qui
1106 501 1192 545 sibi
1213 517 1348 546 vnam
1376 502 1620 560 imaginem
1645 519 1672 547 a
1694 505 1794 548 Tua
1815 506 1965 548 Reve-

337 562 476 605 renda
506 561 785 606 Paternitate
810 561 927 605 mitti
954 569 1033 605 tuo
1055 561 1317 618 insignitam
1339 562 1520 607 nomine
1550 570 1682 620 rogat
1708 578 1844 619 quam
1865 579 1964 607 ma-

335 621 454 665 xime
476 628 640 678 potest.
667 622 872 666 Obsecro
899 636 1056 665 eorum
1082 628 1266 666 sanctae
1292 622 1514 666 voluntati
1541 637 1622 679 per
1649 624 1794 666 Tuam
1815 625 1964 668 Reve-

336 682 521 725 rendam
542 681 863 726 Paternitatem
882 681 1086 734 satisfiat,
1111 696 1202 725 non
1218 681 1379 738 grandi
1401 682 1664 739 interposita
1684 697 1822 727 mora.
1843 685 1960 741 Ego,

336 741 413 797 qui
434 743 517 784 has
538 741 702 795 scribo,
723 743 850 786 Tuae
868 740 1159 786 Paternitatis
1179 741 1389 798 precibus
1405 757 1480 787 me
1495 756 1551 785 ex
1568 737 1718 785 animo
1732 756 1961 787 commen—

334 802 408 844 do.
434 802 602 845 Nostro
625 816 681 846 ex
701 801 882 845 nomine
903 804 1057 845 Marco
1080 807 1158 844 tuo
1180 801 1371 845 salutem
1387 801 1633 859 impartire,
1653 803 1790 845 Pater
1808 803 1966 846 admo-

336 861 445 904 dum
468 861 747 905 Reverende.
781 862 927 906 Datae
954 859 1161 913 Louanii,
1200 861 1249 904 18
1278 860 1449 918 Aprilis
1486 862 1610 917 1563.
1645 863 1699 905 T.
1736 863 1790 906 R.
1817 862 1870 906 P.
1895 861 1967 905 in·-

338 919 509 978 dignus
538 918 660 964 filius
687 927 731 965 et
754 935 915 966 seruus
936 920 983 964 in
1009 920 1095 965 Χ.ο
1123 920 1244 963 dulci
1267 922 1395 979 Jesu,

682 994 687 999 ·
963 982 1159 1024 PETRUS
1192 981 1493 1025 CHRISTINUS
1526 995 1589 1024 DE
1610 981 1783 1024 NIZZA.

422 1041 464 1084 A
486 1043 631 1099 tergo:
651 1039 682 1100 †
704 1041 965 1084 Admodum
987 1039 1097 1084 R.d0
1118 1039 1163 1082 in
1182 1041 1267 1083 Χ.0
1283 1041 1395 1098 Jesu
1413 1039 1553 1093 Patri,
1576 1039 1701 1084 Patri
1720 1042 1755 1083 F
1758 1039 1967 1097 rancisco

336 1099 550 1157 Borgiae,
575 1100 881 1144 commissario
902 1099 1103 1157 generali
1124 1099 1364 1144 Societatis
1380 1102 1508 1158 Jesu,
1528 1099 1575 1142 in
1597 1099 1738 1143 Italia.
1770 1101 1961 1144 Romae.

335 1160 441 1203 Alia
462 1175 620 1204 manu:
647 1162 773 1216 1563.
799 1159 1019 1204 Louanio.
1047 1159 1199 1203 Pietro
1222 1160 1278 1204 de
1302 1159 1456 1204 Nizza:
1482 1159 1527 1202 di
1556 1160 1605 1203 18
1629 1159 1803 1216 Aprile.

1059 1308 1166 1353 XIV
1199 1310 1240 1367 (a

700 1410 757 1447 P.
798 1409 1110 1458 JOANNES
1149 1411 1230 1446 DE
1268 1408 1596 1447 POLANCO

868 1514 1025 1545 BEATO
1059 1514 1214 1544 PETRO
1247 1513 1439 1544 CANISIO

765 1590 986 1644 Tridenti,
1033 1602 1088 1634 20
1130 1589 1300 1646 Aprilis
1348 1589 1456 1644 1563
1504 1589 1533 1632 ¹.
1558 1604 1563 1609 ·

793 1680 854 1715 De
871 1679 1105 1715 catechismo
1124 1679 1174 1715 Β.
1194 1678 1311 1714 Petri
1332 1677 1503 1714 Canis-ii.

501 1757 634 1803 Circa
654 1757 697 1801 la
719 1757 1018 1814 ricognitione
1036 1757 1107 1799 del
1129 1755 1403 1800 catechismo
1419 1755 1457 1799 si
1474 1755 1564 1812 puo
1582 1755 1650 1798 far
1666 1753 1771 1797 dila
1791 1753 1863 1798 cio
1879 1755 1965 1798 che

334 1819 557 1864 conuiene
578 1833 714 1862 senza
734 1818 965 1860 mandarlo
983 1819 1008 1860 a
1030 1818 1087 1861 N.
1110 1818 1183 1869 P„
1204 1815 1413 1859 massime
1431 1815 1627 1859 tenendo
1643 1814 1762 1858 nella
1778 1814 1966 1871 prouin-

332 1879 402 1922 cia
422 1879 453 1921 il
475 1881 526 1922 P.
551 1881 661 1923 Μ]ο
687 1878 864 1930 Natale,
890 1877 959 1920 col
993 1877 1125 1932 quale
1154 1875 1191 1919 si
1218 1876 1439 1932 potrebbe
1468 1873 1691 1918 conferire
1721 1880 1766 1917 et
1798 1873 1965 1930 ispedir

335 1940 378 1982 la
400 1953 520 1982 cosa.

1061 2067 1169 2112 X1v
1201 2067 1245 2124 (b

857 2156 1086 2193 NATALIS
1113 2152 1435 2193 INSTRUCTIO

654 2243 745 2273 PRO
778 2242 1129 2273 SUPERIORIBUS
1164 2241 1447 2271 SOCIETATIS
1478 2240 1596 2281 JESU

337 2315 388 2352 Ut
405 2327 467 2360 ea,
485 2325 586 2361 quae
603 2325 734 2349 mense
753 2313 891 2360 Aprili
904 2311 997 2358 1563
1013 2312 1174 2358 scripsit
1192 2309 1354 2345 Natalis
1372 2311 1493 2346 Patri
1518 2310 1832 2355 Valderrabano,
1853 2309 1965 2345 illius

401 2363 640 2410 respondens
662 2360 981 2408 difficultatibus,
1004 2360 1149 2394 melius
1179 2358 1482 2405 intelligantur,
1501 2358 1626 2404 juvat
1648 2359 1693 2393 in
1723 2358 1963 2393 memoriam

399 2420 765 2494 {chgcgovizlfgtquens
782 2409 908 2455 ipsius
925 2407 1138 2448 monitum,
1158 2406 1263 2452 quod
1277 2405 1518 2452 frequenter
1540 2406 1813 2453 superioribus
1834 2405 1962 2441 incul-

420 2535 685 2592 Superiores
707 2533 787 2577 toti
814 2533 1078 2576 incumbant
1106 2530 1447 2589 gubernationi,
1472 2545 1622 2588 neque
1649 2530 1855 2574 diuidant
1876 2544 1959 2573 cu-

331 2611 426 2640 ram
448 2610 575 2639 suam
598 2601 643 2638 et
666 2608 865 2650 operam,
891 2592 1039 2648 quoad
1060 2591 1157 2635 eius
1173 2591 1270 2634 fieri
1287 2591 1469 2648 poterit.
1497 2590 1617 2635 Satis
1639 2591 1781 2634 multa
1797 2596 1954 2646 agent,

332 2656 366 2699 si
390 2657 554 2698 bonam
576 2660 834 2708 rectamque
857 2651 1076 2695 rationem
1098 2651 1287 2696 reddent
1309 2649 1444 2693 officii
1465 2650 1534 2693 sui
1556 2651 1655 2695 Deo
1687 2657 1733 2693 et
1754 2650 1959 2694 Societa-

333 2715 384 2758 ti.
417 2716 535 2760 Sunt
558 2721 649 2756 tam
679 2714 846 2755 multae
874 2718 1023 2768 partes
1050 2710 1097 2753 in
1125 2725 1281 2754 eorum
1309 2709 1483 2764 offitiis,
1515 2723 1627 2765 quas
1655 2709 1694 2752 si
1725 2708 1892 2759 sciant,
1918 2707 1957 2751 si

332 2774 419 2819 illis
439 2773 692 2818 afficiantur
712 2771 967 2823 efficaciter,
988 2770 1026 2814 si
1042 2784 1123 2826 pro
1140 2770 1361 2827 dignitate
1378 2768 1476 2812 illas
1497 2775 1660 2826 gerant
1676 2767 1724 2811 in
1740 2767 1956 2821 Domino,

331 2833 442 2877 nihil
463 2833 521 2877 sit
543 2834 746 2876 futurum
768 2829 983 2887 temporis
1005 2829 1189 2883 residui,
1215 2830 1337 2885 quod
1358 2828 1455 2872 aliis
1477 2827 1850 2885 occupationibus
1872 2826 1960 2871 ime

402 2943 413 2963 ¹
463 2941 521 2976 Ex
539 2941 728 2986 Regest0‚
749 2937 831 2974 Cod
850 2947 894 2984 33
912 2937 965 2984 c),
988 2935 1055 2972 fol.
1077 2936 1158 2972 286.
1179 2935 1279 2972 Vide
1296 2934 1488 2983 append.‚
1507 2935 1580 2971 XV
1601 2935 1655 2980 (b;
1683 2938 1723 2970 et
1740 2933 1855 2981 epist.
1874 2932 1959 2980 336,

336 3000 375 3024 n·
397 2997 432 3058 Ξ
461 3037 520 3071 Ex
543 3034 637 3071 Cod.
656 3042 693 3080 7,
717 3033 784 3069 fol.
808 3041 849 3067 12
867 3044 899 3078 r,
918 3032 1000 3077 ubi,
1018 3031 1119 3067 inter
1143 3031 1237 3066 alias
1261 3029 1538 3066 instructiones
1561 3028 1863 3078 provincialibus
1882 3034 1955 3066 tra·

329 3082 443 3129 ditas,
462 3084 558 3120 haee
575 3082 784 3130 reperitur.
807 3080 907 3115 Vide
926 3091 1054 3127 supra,
1083 3078 1202 3126 epist.
1226 3078 1309 3125 266,
1329 3090 1367 3114 n.
1391 3087 1421 3114 Ι.
