2196 3522
319 292 368 338 58
893 285 937 323 Ρ.
964 287 1152 330 NATAms
1178 287 1399 323 EPHEMER.

319 395 682 449 interpretatum.
713 391 892 446 «Quam
915 388 1057 446 igitur
1079 387 1255 445 (inquit)
1280 387 1520 432 cardinalis
1538 389 1619 432 tibi
1634 390 1960 446 poenitentlam

316 471 581 513 inusserunt
610 470 652 511 ?»
685 474 760 510 «vt
782 467 923 511 semel
948 466 1068 510 104
1101 465 1276 523 (inquit)
1300 464 1537 511 recitarem
1560 468 1666 512 Aue
1683 467 1870 512 Maria.»
1891 468 1959 512 Ibi

319 546 573 599 cardinalis,
591 545 660 601 vir
674 544 846 589 scilicet
862 542 909 602 [ἓ]
922 542 1148 587 mansueti
1162 542 1379 600 imprimis
1393 542 1565 601 ingenij
1585 551 1631 587 et
1647 544 1805 601 quieti,
1829 544 1958 589 visus

319 631 389 670 est
406 625 647 668 aduersum
672 621 885 666 Pontium
907 619 1222 666 vehementius
1245 620 1537 664 commoueri:
1557 621 1750 678 amplius
1765 621 1878 665 nihil
1898 623 1956 666 ab

316 717 372 745 eo
411 701 565 745 audire
602 699 761 744 voluit:
802 699 937 743 simul
973 697 1100 742 illum
1138 711 1241 741 cum
1278 698 1523 742 verborum
1559 699 1833 743 contumelia
1863 714 1956 745 ase

319 778 490 835 abegit.

407 857 536 900 Haec
558 869 698 910 quum
720 854 909 898 referret
937 853 996 896 ad
1018 852 1211 896 Paulum
1234 851 1490 905 cardinalis,
1515 852 1706 897 miratus
1728 852 1951 909 pontifex,

317 933 451 990 signo
472 931 620 975 crucis
657 946 705 974 se
742 930 952 983 muniuit,
978 928 1107 985 quasi
1138 927 1333 973 hominis
1364 929 1631 973 caecitatem
1668 929 1785 975 serio
1822 945 1956 975 auer-

317 1017 446 1053 satus
472 1011 500 1052 ¹.
532 1009 538 1067 Ι

407 1085 505 1131 Visi
527 1100 684 1129 sumus
707 1101 732 1129 e
755 1083 936 1128 turbine
956 1083 1246 1127 bobadillano
1263 1091 1309 1128 et
1330 1083 1550 1140 pontiano
1573 1084 1827 1139 emersisse,
1847 1100 1952 1130 nam

319 1163 661 1212 remiseratiam
690 1169 911 1207 arrestum
950 1163 964 1183 ²
1004 1167 1209 1205 nostrum
1239 1161 1460 1217 pontifex,
1487 1176 1539 1206 ac
1567 1162 1761 1207 liberum
1783 1163 1953 1208 fecerat

318 1256 376 1285 ex
402 1242 511 1285 urbe
532 1255 681 1297 posse,
706 1254 840 1295 quem
857 1239 1093 1291 vellemus,
1119 1237 1314 1293 mittere3
1335 1246 1497 1283 euntes
1515 1239 1649 1284 etiam
1674 1253 1755 1284 100
1779 1250 1821 1287 Δ
1852 1239 1951 1284 via—

319 1320 409 1363 tico
432 1318 611 1362 iuuerat
632 1318 666 1360 ³.

406 1396 572 1441 Missus
594 1402 663 1440 est
684 1394 730 1437 in
748 1395 783 1437 F
786 1392 1004 1437 landriam
1022 1393 1269 1446 Adrianus,
1290 1408 1449 1438 verum
1466 1393 1687 1450 priuatus,
1708 1395 1828 1439 facto
1845 1410 1951 1452 pro-

318 1473 499 1518 uinciali
523 1475 574 1516 P.
602 1472 849 1516 Euerardo:
875 1471 1103 1514 Veronam
1125 1471 1295 1515 Violas:
1322 1470 1547 1515 Assisium
1572 1471 1779 1526 Pontius,
1804 1472 1952 1517 alieno

317 1558 367 1593 vt
393 1550 633 1594 videbatur
666 1548 838 1593 animo:
874 1548 1086 1592 Canisius
1114 1549 1172 1591 ad
1207 1548 1452 1605 collegium
1489 1548 1805 1594 wormatiense
1847 1564 1951 1594 cum

316 1628 559 1672 Gaudano:
590 1625 789 1670 Lanoius
817 1624 1049 1670 Venetias:
1081 1624 1277 1669 Vinkius
1307 1625 1557 1669 Perusiam:
1588 1627 1878 1671 Domenecus
1905 1627 1952 1670 in

316 1704 515 1760 Siciljam
539 1704 572 1746 ⁴.
1790 1693 1798 1700 ⁶

407 1780 488 1825 Vsi
510 1795 667 1824 sumus
689 1781 876 1836 posthac
903 1779 1041 1836 longe
1068 1778 1449 1823 commodioribus
1478 1779 1706 1833 Patribus,
1738 1780 1816 1836 qui
1843 1796 1948 1826 cum

318 1858 554 1902 Bobadilla
581 1864 816 1902 senserant
848 1856 1105 1913 aliquando.
1143 1858 1202 1900 Et
1229 1864 1381 1902 tamen
1407 1858 1583 1900 nullum
1613 1857 1947 1902 iudi105cium

314 1937 490 1980 dixerat
512 1934 692 1991 publice
714 1935 770 1978 de
792 1935 929 1977 rebus
951 1934 1120 1977 nostris
1144 1935 1331 1978 Paulus:
1357 1935 1506 1977 adhuc
1548 1934 1805 1981 retinebant
1836 1950 1947 1980 con-

313 2012 593 2065 stitutiones,
619 2019 706 2055 etc.
747 2011 998 2055 cardinales
1034 2025 1277 2055 reomanus
1299 2018 1344 2056 et
1377 2011 1616 2056 tranensis.
1660 2013 1895 2058 Petierant
1923 2029 1950 2057 a

317 2092 452 2133 Patre
475 2089 643 2132 vicario
670 2096 719 2131 vt
742 2088 936 2144 aliquem
959 2089 1207 2142 mitterent,
1233 2088 1311 2144 qui
1332 2088 1441 2145 ipsis
1462 2089 1637 2146 legeret
1658 2090 1949 2134 constitutio-

311 2182 410 2221 nes,
435 2174 481 2211 et
501 2166 540 2210 si
563 2166 671 2222 quid
693 2165 779 2223 ipsi
801 2173 1017 2222 rogarent
1038 2167 1347 2223 responderet.
1370 2167 1421 2210 P.
1449 2167 1658 2210 Natalem
1682 2166 1802 2210 misit
1824 2167 1949 2211 vica-

311 2244 421 2287 rius.
443 2243 595 2287 Huius
611 2243 867 2286 libertatem
884 2244 956 2287 vel
978 2243 1113 2287 etiam
1135 2242 1524 2299 importunitatem
1551 2258 1644 2287 non
1667 2245 1816 2288 ferens
1854 2251 1947 2288 tra-

311 2320 481 2373 nensis,
507 2319 652 2363 noluit
674 2319 865 2376 amplius
887 2321 1055 2364 habere
1077 2321 1305 2364 lectorem.
1338 2319 1344 2378 Ι

402 2399 593 2440 Eramus
622 2396 849 2452 tranquilli
877 2396 1082 2452 quidem,
1115 2411 1207 2440 non
1244 2398 1417 2452 absque
1452 2396 1739 2442 solicitudine
1775 2405 1942 2443 tamen.

312 2475 516 2518 Tandem
533 2473 743 2518 restituta
758 2479 866 2516 sunt
879 2470 1010 2516 nobis
1025 2473 1236 2530 diploma,
1253 2460 1616 2526 constitutiones,
1635 2474 1785 2517 omnia
1801 2475 1944 2532 scrip—

311 2559 373 2604 ta,
400 2565 516 2607 quae
539 2558 782 2595 vocauerat
813 2550 869 2593 ad
886 2565 1076 2594 examen
1109 2551 1295 2593 Paulus.
1332 2550 1455 2594 Nihil
1483 2551 1731 2594 damnauit:
1767 2559 1944 2595 tantum

310 2628 543 2684 agendum
565 2626 744 2671 fortasis
767 2627 863 2672 fore
884 2628 941 2672 de
964 2628 1102 2670 choro
1139 2626 1288 2670 innuit
1326 2627 1564 2671 tranensis.
1593 2628 1682 2671 Hic
1721 2628 1806 2672 fuit
1841 2629 1946 2673 finis

311 2706 534 2748 tumultus
556 2705 750 2748 duorum
771 2703 951 2747 illorum
970 2705 1173 2747 Patrum.
1195 2704 1285 2748 Vbi
1303 2718 1467 2760 operae
1483 2705 1685 2760 precium
1703 2713 1773 2749 est
1789 2707 1945 2750 mode-

309 2782 655 2826 lssssrationem
692 2780 933 2826 Societatis
965 2780 1194 2837 suspicere
1227 2788 1364 2836 atque
1396 2782 1696 2826 clementiam.
1746 2783 1870 2828 Nihil
1901 2783 1948 2827 in

385 2927 394 2946 ¹
446 2924 705 2968 SAccmNUs,
724 2925 800 2959 loc.
825 2923 909 2969 cit.,
930 2935 968 2959 n.
986 2923 1050 2959 86.

381 2986 394 3004 ³
445 2983 514 3018 Sc.
537 2983 738 3018 decretum
755 2993 805 3017 ne
822 2983 946 3018 Roma
963 2982 1228 3019 discederent.

381 3044 394 3063 ³
444 3042 702 3089 SAccnmth,
720 3043 794 3077 loe.
814 3042 906 3087 cit.,
924 3054 962 3077 n.
984 3043 1047 3078 86.

379 3103 393 3122 ‘⁴
446 3102 704 3148 SAccmNus,
723 3102 796 3137 loe.
816 3101 907 3145 cit.,
927 3113 965 3136 n.
985 3101 1044 3146 87.
