2196 3522
1008 245 1021 271 1
1028 236 1099 282 548
1849 239 1872 275 3

233 345 375 382 retur.
401 339 572 382 Actum
594 339 743 382 fuerat
763 339 1141 396 praecedentibus
1161 339 1292 384 annis
1308 347 1359 384 vt
1374 341 1697 386 obseruaretur
1712 341 1877 387 decre*

236 415 337 460 talis
358 416 438 460 24
466 417 649 472 «Quum
670 416 916 473 corporalis
942 416 1225 461 infirmitas.»
1253 420 1477 475 Prospere
1498 424 1740 464 cesserunt>
1758 433 1873 476 qua·

236 500 339 536 tuor
367 493 681 538 tribulationes
708 494 922 547 Mathiae,
948 495 1172 547 Rosellae,
1198 495 1446 539 Barberani
1471 503 1614 555 'atque
1636 495 1873 554 episcopa-

236 577 325 614 tus.
352 570 564 615 Liberata
585 571 789 616 Societas
818 587 844 616 a
870 586 981 616 cura
1007 571 1248 617 mulierum
1277 575 1699 617 ac'monacharum.
1725 573 1874 618 Viuae

170 660 175 667 ·
233 648 359 692 vocis
390 650 625 693 oraculum
661 664 741 706 per
777 651 1036 694 Durantum
1063 664 1146 706 pro
1174 650 1413 706 exercitijs.
1444 652 1480 694 F
1484 651 1705 695 undatum
1732 651 1874 696 colle-

233 725 360 782 gium
383 726 680 783 gandianum,
705 727 826 771 facta
845 726 1118 771 vniuersitas
1139 726 1276 783 studij
1295 727 1537 784 generalis
1558 729 1661 772 Hoc
1679 728 1765 771 fuit
1779 728 1874 785 prim

230 807 355 846 mum
378 804 639 861 collegium,
665 803 712 847 in
734 819 826 861 quo
847 804 989 848 nostri
1010 805 1243 856 docerent,
1268 804 1412 860 prima
1434 805 1570 849 etiam
1598 805 1873 850 vniuersitas

230 881 368 937 studij
391 881 618 939 generalis
639 882 686 925 in
708 882 952 927 Societate.
979 883 1149 926 Romae
1172 881 1405 938 prohibuit
1424 883 1474 925 P.
1498 882 1703 939 Ignatius
1719 882 1871 939 publi-

228 972 307 1002 cas
327 959 714 1012 mortificationes,
740 974 933 1015 quarum
959 961 970 981 ¹
994 966 1092 1004 erat
1107 966 1267 1002 auctor
1284 960 1337 1002 P.
1358 960 1549 1003 Iacobus
1567 960 1740 1016 Eguias
1765 974 1870 1003 cum

228 1036 266 1079 F
268 1036 463 1089 erronio,
484 1036 563 1092 qui
578 1037 728 1082 fuerat
742 1036 1014 1080 secretarius
1030 1043 1272 1092 antequam
1290 1036 1467 1080 veniret
1486 1039 1539 1080 P.
1562 1038 1804 1081 Polancus.
1835 1037 1843 1096 Ι

229 1113 306 1157 Ad
327 1114 603 1159 Societatem
625 1113 786 1171 recipit
808 1116 946 1158 Pater
966 1129 1051 1158 suo
1073 1114 1261 1158 consilio
1283 1116 1532 1160 Doctorem
1556 1114 1783 1168 Torrium,
1814 1129 1867 1159 ac

229 1189 368 1233 mittit
389 1190 436 1234 in
458 1191 741 1248 Hispanjam.
774 1190 865 1235 Hic
893 1192 1036 1248 prima
1063 1191 1227 1236 diuisio
1255 1191 1599 1249 prouintiarum.
1624 1194 1713 1236 Per
1742 1194 1866 1236 hunc

228 1274 275 1310 et
307 1263 589 1313 Seuillanum
618 1268 797 1312 initium
824 1268 946 1326 capit
981 1268 1227 1326 collegium
1265 1269 1603 1322 salmantinum,
1643 1270 1866 1314 beneficio

225 1344 467 1389 cardinalis
486 1345 721 1400 coriensis,
746 1346 852 1390 dein
873 1354 1201 1403 metymnense.
1229 1348 1279 1390 In
1308 1347 1590 1404 Portugallia
1612 1355 1864 1403 prouentus

223 1423 487 1477 multorum,
513 1424 590 1480 qui
612 1425 670 1468 ad
691 1424 971 1470 Societatem
985 1424 1335 1481 recipiebantur.
1362 1424 1608 1469 Mittuntur
1625 1424 1671 1467 in
1689 1424 1861 1468 Indiam

220 1499 415 1557 singulis
436 1501 581 1545 annis.
610 1501 811 1547 Litterae
834 1502 1087 1547 afferuntur
1109 1502 1265 1559 magni
1289 1503 1482 1556 fructus,
1507 1502 1586 1558 qui
1614 1502 1732 1546 inter
1760 1501 1860 1546 ido-

217 1577 401 1622 lolatras
428 1579 645 1624 refertur:
677 1594 826 1624 nouae
863 1579 1203 1637 prouichiae
1240 1579 1483 1624 adibantur
1519 1595 1546 1623 a
1582 1579 1765 1623 nostris.
1807 1581 1858 1623 In

213 1655 502 1713 *Portugallia
520 1658 606 1701 Mr.
627 1657 801 1711 Simon,
821 1657 1042 1715 superior.
1063 1659 1113 1700 In
1124 1657 1297 1714 reliqua
1312 1657 1535 1714 Hispania
1551 1659 1598 1701 P.
1618 1656 1853 1701 Araozius.

970 1777 1113 1823 [15]48

308 1890 537 1935 Professio
561 1893 612 1935 P.
640 1892 676 1935 F
679 1890 870 1935 rancisci
886 1891 1030 1948 prima
1051 1893 1087 1934 F
1090 1890 1302 1936 ebruarii.
1324 1890 1532 1934 Excitata
1550 1890 1854 1936 Salmanticae

200 1966 448 2011 tribulatio
471 1968 640 2012 nostris
662 1983 742 2025 per
762 1969 956 2013 Canum.
984 1970 1112 2012 Haec
1134 1983 1214 2025 per
1234 1967 1478 2012 conciones
1501 1967 1668 2023 Stradij
1687 1967 1849 2025 sopita.

214 2045 339 2088 Dant
359 2045 647 2102 suffragium,
681 2045 759 2102 qui
787 2053 917 2090 erant
944 2045 991 2089 in
1020 2045 1147 2089 Italia
1173 2044 1381 2102 professi,
1407 2044 1535 2089 Patri
1564 2044 1742 2101 Ignatio
1769 2059 1852 2102 pro

212 2121 631 2176 constitutionibus,
656 2130 765 2176 etc.,
790 2125 990 2180 Laynez,
1015 2123 1266 2175 Salmeron,
1288 2122 1579 2175 Paschasius,
1599 2121 1732 2166 Iaius.
1759 2122 1850 2178 Ini-

213 2198 327 2243 tium
354 2199 547 2257 sumpsit
573 2200 819 2258 collegium
855 2200 1233 2253 vallisoletanum‚
1272 2215 1353 2257 per
1394 2198 1643 2252 Stradium,
1687 2200 1850 2243 domus

211 2275 386 2320 scilicet
407 2284 453 2320 et
474 2278 691 2322 sacellum
714 2291 998 2321 concessum.
1024 2279 1183 2322 Mense
1205 2262 1370 2321 Martio
1391 2284 1461 2320 est
1477 2276 1642 2320 missus
1660 2278 1713 2320 P.
1735 2276 1849 2320 Hie—

210 2367 428 2410 ronymus
443 2355 619 2399 Natalis
635 2355 693 2399 ad
710 2355 994 2398 fundandum
1010 2349 1259 2412 collegium
1277 2368 1570 2399 messanense
1585 2353 1632 2396 in
1648 2353 1848 2399 Siciliam

213 2444 319 2475 cum
346 2446 515 2476 nouem
542 2432 700 2489 socijs,
731 2432 737 2491 Ι
765 2432 813 2476 in
833 2447 925 2488 quo
952 2431 1147 2488 collegio
1173 2431 1317 2475 nostri
1350 2430 1558 2488 publicas
1587 2431 1767 2474 scholas
1794 2445 1846 2474 o-

213 2508 386 2552 mnium
402 2509 742 2566 disciplinarum
760 2516 1053 2567 aperuerunt,
1067 2515 1384 2565 praeterquam
1396 2508 1508 2551 iuris
1517 2514 1563 2551 et
1573 2507 1839 2552 medicinae.

213 2586 322 2630 Erat
342 2601 539 2644 magnus
560 2588 738 2631 fructus
765 2586 812 2630 in
839 2586 1008 2639 Sicilia,
1035 2586 1178 2630 multa
1198 2600 1336 2643 opera
1356 2586 1528 2630 fiebant
1550 2600 1573 2628 a
1598 2586 1766 2629 Ioanne
1786 2585 1844 2629 de

211 2665 343 2721 Vega
365 2670 410 2708 et
437 2678 593 2717 vxore,
624 2671 900 2721 procurante
922 2666 975 2707 P.
1006 2665 1287 2716 Domeneco,
1312 2670 1358 2708 et
1380 2665 1618 2707 Messanae
1647 2675 1843 2718 magnus

208 2742 386 2784 fructus
406 2740 454 2783 in
475 2740 758 2785 auditoribus
779 2748 825 2786 et
846 2740 960 2797 alijs.
987 2742 1158 2797 Magna
1179 2739 1383 2797 cognitio
1407 2738 1649 2785 Societatis
1672 2745 1717 2783 et
1744 2737 1842 2782 exi—

206 2817 405 2864 stimatio
426 2817 474 2860 in
495 2817 688 2861 concilio
710 2817 956 2863 tridentino
977 2833 1058 2875 per
1073 2824 1268 2861 nostros.
1287 2817 1368 2860 26
1385 2817 1665 2861 Confirmata
1681 2822 1839 2859 aucto-

206 2896 340 2940 ritate
372 2893 619 2951 apostolica
650 2895 881 2949 exercitia,
915 2895 1124 2951 latinitatj
1156 2896 1277 2947 data,
1306 2909 1360 2938 ac
1389 2893 1524 2950 typis.
1555 2894 1606 2936 In
1637 2892 1841 2937 Africam

279 3064 291 3084 ¹
342 3063 432 3106 Ms.‚
451 3073 638 3109 quorum.
