2196 3522
354 311 426 352 606
960 314 1099 354 prsr.
1125 313 1168 352 P.
1197 312 1346 352 NADAL

357 417 471 461 terni
493 417 685 473 qualche
714 417 899 475 regalie,
931 419 973 462 al
1001 417 1134 462 solito
1161 418 1207 461 di
1233 417 1495 472 Germania,
1521 417 1658 475 quali,
1687 418 1868 476 quando
1891 435 1984 465 non

355 477 659 531 basterianno,
684 477 1017 535 bisognarebbe
1038 479 1124 522 che
1145 477 1189 521 io
1211 478 1459 534 supplesse.

444 538 628 591 Quanto
651 537 737 582 alle
773 547 928 582 stanze
963 546 1008 581 et
1043 537 1338 590 habitatione,
1378 545 1541 581 trouuo
1577 538 1772 582 anchora
1807 540 1981 596 grande

353 602 593 640 strettezza
630 611 709 652 per
737 598 766 639 l'
792 612 882 640 vno
899 605 943 642 et
980 598 1010 639 l’
1030 598 1143 640 altro
1180 597 1387 654 collegio.
1424 599 1518 641 Pur
1539 597 1897 653 bissognarebbe
1931 598 1979 642 in

353 655 501 710 questi
523 655 726 712 principij
751 657 1087 700 acommodarse
1119 657 1183 699 fin
1211 663 1352 710 tanto,
1377 670 1506 700 come
1526 671 1658 714 spero
1685 656 1732 700 in
1759 657 1914 711 breue,
1940 658 1978 702 si

352 715 597 771 allargasse
619 716 661 758 la
683 716 867 760 fabrica.

440 775 547 818 Cosi
575 774 621 817 in
649 776 797 830 questi
829 775 1032 832 principij
1063 776 1261 820 darebbe
1289 776 1375 818 alla
1403 774 1702 832 Compaignia
1731 775 1776 818 di
1798 777 1909 833 Jesu
1935 777 1979 820 13

352 848 457 876 casa
478 834 702 879 chiamata
723 837 780 880 de
802 842 934 879 santo
957 835 1237 887 Hieronimo‚
1257 835 1408 895 douue
1429 836 1454 878 e
1474 850 1564 879 vna
1581 849 1660 878 sua
1678 835 1848 892 capella
1869 850 1979 880 con-

353 900 542 946 secrata,
567 901 613 937 et
634 895 785 938 douue
821 897 879 938 ha
916 895 1116 938 habitato
1148 894 1179 936 il
1211 895 1359 939 Padre
1395 895 1627 939 confessor
1655 896 1712 938 D.
1746 895 1910 948 Olaue,
1935 901 1980 939 et

352 954 512 996 adesso
535 952 689 997 habita
712 956 765 998 P.
792 955 1123 999 Bartholomeo.
1150 956 1225 998 Ma
1240 955 1406 1010 perche
1428 968 1519 997 non
1536 954 1682 1010 potria
1704 968 1827 998 esser
1843 968 1982 1011 gran-

352 1013 425 1065 de,
451 1015 576 1056 torro
598 1028 624 1056 a
641 1013 741 1057 fitto
762 1029 851 1057 vna
873 1029 978 1057 casa
999 1014 1045 1056 in
1068 1013 1302 1071 prossimo,
1327 1028 1456 1058 come
1476 1013 1514 1058 si
1544 1015 1724 1059 trouera
1750 1012 1829 1071 piu
1856 1027 1982 1057 com-

353 1073 502 1116 moda.
1878 1097 1883 1101 ·

442 1133 492 1175 L’
513 1133 625 1175 altra
646 1147 766 1186 casa,
792 1133 910 1178 doue
932 1139 1000 1176 sta
1022 1133 1182 1176 adesso
1204 1131 1235 1174 il
1256 1139 1440 1187 rettore,
1461 1146 1510 1176 se
1526 1132 1695 1176 lassara
1721 1147 1801 1189 per
1827 1132 1858 1175 il
1885 1132 1980 1176 col-

353 1191 474 1247 legio
491 1191 535 1234 di
558 1200 688 1235 santo
712 1192 976 1236 Hieronimo
998 1207 1077 1248 per
1098 1191 1167 1235 soi
1196 1205 1245 1247 13
1263 1192 1440 1246 scolari,
1465 1206 1545 1248 per
1560 1191 1591 1234 li
1607 1191 1868 1245 conuittori‚
1888 1199 1990 1238 etc..

357 1253 454 1294 Mar
476 1252 659 1307 perche,
684 1265 812 1296 come
832 1254 892 1295 ho
919 1253 1061 1307 detto,
1091 1253 1120 1294 1’
1140 1266 1232 1295 vno
1254 1259 1300 1296 et
1320 1252 1349 1294 1’
1370 1252 1484 1295 altro
1500 1251 1693 1307 collegio
1714 1258 1785 1296 sta
1800 1258 1978 1306 stretto,

354 1325 426 1354 me
448 1312 641 1354 mettaro
663 1310 779 1354 infra
800 1326 890 1354 vno
907 1326 1025 1355 anno
1041 1311 1086 1355 di
1109 1310 1315 1364 fabricat,
1340 1311 1549 1354 hauendo
1570 1309 1647 1367 gia
1673 1310 1831 1367 pietre,
1855 1310 1980 1368 legni

354 1378 400 1413 et
423 1370 535 1413 altra
556 1369 807 1415 munitione
834 1370 880 1413 in
906 1372 1027 1414 bona
1054 1370 1275 1426 quantita,
1305 1378 1351 1414 et
1382 1371 1621 1427 spettando
1642 1370 1798 1415 denari
1820 1370 1864 1414 d'
1889 1384 1980 1414 vno

353 1436 478 1474 certo
499 1430 599 1473 loco
621 1429 786 1473 sicuro.

441 1490 491 1532 In
513 1496 673 1544 questa
694 1489 864 1533 fabrica
884 1497 1110 1546 prometto
1131 1489 1176 1533 di
1204 1489 1410 1532 consolat
1426 1489 1455 1531 l'
1477 1503 1566 1532 vno
1587 1495 1632 1533 et
1650 1489 1679 1532 l'
1697 1489 1812 1532 altro
1839 1489 1978 1533 colle—

353 1547 449 1604 gio,
471 1555 516 1592 et
537 1548 906 1606 principalmente
927 1550 1078 1605 quello
1099 1549 1330 1592 Societatis
1345 1548 1470 1606 Jesu.

442 1608 638 1652 Cercaro
660 1608 733 1665 poi
754 1624 835 1665 per
856 1608 886 1651 il
907 1609 1033 1652 detto
1059 1608 1250 1665 collegio
1279 1614 1527 1665 augmento
1548 1607 1604 1650 de
1624 1606 1799 1651 intrade
1822 1609 1978 1662 ferme,

353 1668 415 1710 fin
437 1683 463 1711 a
485 1667 560 1710 doi
581 1667 701 1712 mille
718 1667 862 1721 scudi,
883 1683 974 1712 non
996 1669 1248 1712 mancando
1270 1669 1388 1711 nella
1409 1667 1498 1710 mia
1514 1666 1682 1710 diocesi
1699 1667 1824 1711 molti
1840 1667 1976 1711 modi.
1997 1685 2002 1688 ·

352 1728 386 1770 Il
409 1727 555 1771 simile
578 1727 651 1783 poi
674 1727 769 1771 faro
791 1742 880 1771 con
902 1728 932 1770 il
954 1728 1147 1784 collegio
1170 1727 1216 1771 di
1238 1734 1369 1771 santo
1390 1725 1672 1771 Hieronimo.

441 1786 534 1842 Qui
555 1786 596 1830 ci
618 1788 810 1831 mettaro
831 1787 919 1830 mia
941 1787 1102 1832 intiera
1123 1786 1389 1840 intentione,
1410 1787 1593 1839 faculta,
1617 1786 1661 1829 13
1676 1785 1784 1838 vita,
1809 1786 1851 1830 la
1872 1787 1982 1830 roba

351 1852 397 1889 et
419 1845 450 1889 il
470 1861 661 1903 sangue,
687 1853 733 1891 et
749 1861 839 1890 non
859 1848 1037 1891 cessari)
1053 1847 1099 1889 di
1115 1847 1278 1891 sudare
1294 1853 1340 1890 et
1356 1860 1556 1902 operare,
1578 1851 1704 1888 tanto
1720 1847 1804 1889 che
1821 1853 1980 1902 questa

350 1920 488 1962 opera
509 1905 630 1961 possi
650 1921 774 1950 esser
802 1905 943 1959 finita,
974 1906 1171 1950 stabilita
1199 1913 1244 1951 et
1266 1905 1482 1963 prouista,
1507 1905 1552 1948 di
1573 1904 1772 1948 maniera
1797 1906 1897 1958 che,
1922 1906 1980 1949 ne

351 1964 591 2019 necessita,
611 1966 668 2008 ne
685 1965 952 2020 successori,
971 1967 1200 2010 hauerano
1218 1979 1355 2009 causa
1370 1979 1511 2008 senon
1528 1965 1585 2008 de
1601 1964 1911 2021 deffenderglo
1933 1971 1979 2008 et
2058 2020 2061 2023 ι

352 2026 409 2069 de
437 2025 767 2080 augmentarlo,
798 2026 1003 2068 cauando
1034 2025 1145 2069 tanti
1174 2023 1415 2069 construtti
1443 2038 1522 2081 per
1549 2023 1580 2066 il
1607 2038 1845 2080 gouuerno
1873 2023 1980 2067 dilla

352 2083 535 2128 diocesi.
562 2085 605 2127 A
628 2091 789 2139 questo
811 2099 903 2128 non
925 2084 984 2128 mi
1007 2087 1216 2128 mancara
1231 2085 1274 2128 la
1296 2083 1442 2140 gratia
1462 2084 1520 2128 de
1536 2082 1704 2135 Dio,'la
1719 2089 1849 2127 santa
1871 2084 1979 2127 sede

352 2143 616 2199 apostolica,
647 2143 678 2185 il
699 2151 959 2188 sacrosanto
987 2144 1195 2197 concilio,
1220 2143 1411 2187 essendo
1433 2149 1593 2198 questa
1621 2143 1651 2185 l’
1676 2142 1808 2186 unica
1828 2142 1902 2186 via
1924 2143 1981 2186 de

353 2203 515 2247 redure
536 2209 582 2246 et
604 2217 873 2247 conseruare
896 2204 937 2246 13
960 2204 1062 2248 fede
1082 2203 1302 2247 catholica
1323 2202 1370 2245 in
1390 2202 1434 2247 le
1455 2209 1608 2245 nostre
1628 2201 1812 2245 diocesi.

443 2264 517 2305 Ma
540 2261 659 2306 circa
686 2269 804 2305 tutto
833 2262 892 2305 mi
929 2262 1097 2318 riporta
1133 2263 1174 2306 31
1211 2268 1343 2306 santo
1373 2261 1540 2317 juditio
1576 2260 1681 2305 delli
1709 2261 1810 2304 Rdi.
1844 2261 1981 2304 Padri

352 2323 531 2378 Laynes
553 2328 597 2365 et
620 2322 796 2376 Natale‚
820 2329 866 2365 et
887 2337 1029 2379 prego
1051 2324 1109 2367 V.
1135 2323 1184 2367 S.
1210 2323 1322 2366 Rda.
1349 2336 1421 2365 me
1443 2336 1501 2366 ne
1522 2319 1658 2364 scriui
1686 2320 1979 2365 liberamente

353 2395 437 2424 suo
460 2395 628 2436 parere.

442 2441 544 2484 Con
566 2447 726 2497 questo
748 2448 793 2485 et
814 2455 992 2497 sempre
1014 2441 1099 2485 alle
1120 2454 1198 2484 soe
1220 2447 1346 2484 sante
1369 2438 1570 2483 oratione
1597 2454 1669 2483 me
1697 2452 1978 2483 racomman-

353 2501 426 2542 do.
448 2500 616 2544 Scritto
637 2515 663 2544 a
685 2501 827 2544 Roma
848 2501 904 2544 ad
927 2513 983 2555 24
1004 2501 1061 2545 de
1083 2501 1298 2557 Augusto
1325 2500 1451 2555 1560.
1476 2500 1547 2544 De
1569 2500 1626 2544 V.
1652 2499 1707 2543 R.
1730 2500 1783 2542 P.
1804 2499 1978 2543 fratello

351 2559 398 2602 in
421 2559 618 2613 Christo,

1029 2621 1078 2664 IL
1110 2633 1349 2664 CARDINAL
1381 2633 1443 2663 DE
1475 2618 1728 2662 AUGUSTA.

443 2678 688 2734 Inscriptio
709 2693 738 2721 a
759 2681 888 2735 tergo
912 2679 1061 2721 ultimi
1072 2679 1201 2746 folii:
1218 2679 1277 2722 Al
1294 2677 1375 2721 R.⁰
1392 2677 1438 2720 in
1460 2678 1578 2733 Xpo.
1604 2677 1778 2720 fratello
1796 2676 1974 2720 amatis-

353 2737 482 2791 simo,
514 2737 544 2779 il
580 2738 727 2780 Padre
761 2738 930 2781 dottor’
969 2737 1167 2791 Camsio,
1207 2736 1434 2794 preposito
1464 2735 1739 2793 prouinciale
1769 2736 1843 2794 [di]
1867 2736 1979 2781 Ale·

354 2811 538 2854 magna,
562 2797 680 2840 della
702 2796 984 2853 Compagnia
1006 2797 1052 2840 di
1066 2798 1193 2855 Jesu.

442 2857 550 2900 Alia
571 2871 729 2899 manu:
751 2857 789 2900 C
817 2857 943 2910 1560.
965 2858 1121 2900 Roma.
1142 2856 1229 2900 Del
1247 2858 1373 2900 R.m0
1396 2854 1596 2899 cardinal
1611 2853 1658 2897 di
1675 2855 1903 2912 Augusta.
1924 2865 1977 2910 25

352 2914 397 2958 di
420 2917 614 2974 Agosto,
639 2930 719 2972 per
739 2914 769 2958 il
796 2916 883 2973 [R]
906 2915 1103 2961 Canisio.
1134 2915 1164 2974 †
1186 2916 1343 2973 Sigillz·
1363 2915 1623 2972 vestigium.
