2196 3522
713 267 974 304 Pnoomutm
999 273 1186 304 sEcuNm
1207 267 1438 305 voummis
1843 277 1903 305 vn

1051 446 1094 488 2

361 599 414 641 P.
440 598 713 642 NATALIS
735 598 1084 643 EPISTOLAE
1106 598 1192 641 AB
1215 599 1396 643 ANNO
1426 600 1536 654 1562
1560 600 1649 643 AD
1675 572 1695 644 i
1704 600 1788 655 565

342 751 450 796 Tria
470 752 527 795 de
548 752 686 808 hujus
706 751 952 795 voluminis
973 751 1177 808 epistolis
1197 766 1280 808 pro
1308 766 1433 797 more
1461 760 1618 797 nostro
1645 754 1720 798 hic
1741 755 1896 799 decla-

248 829 409 873 randa:
442 841 552 873 1‚um
579 830 746 873 Earum
767 844 1002 874 numerus.
1037 840 1150 872 zum
1182 830 1343 874 Genus
1372 837 1419 874 et
1447 837 1625 875 natura.
1655 843 1768 886 3.um
1801 834 1894 877 Ar—

248 914 472 964 gumenta
493 906 540 950 in
563 906 649 950 illis
670 913 958 963 pertractata.

343 1154 380 1185 1.
445 1141 758 1198 Epistolarum
775 1141 1194 1184 numerus.—Post
1227 1141 1414 1184 Natalis
1436 1140 1777 1197 Eplzemerides,
1792 1142 1889 1198 epi-

248 1219 388 1263 stolas
415 1230 496 1273 140
517 1224 564 1262 et
584 1218 704 1261 ultra
723 1219 812 1262 hoc
833 1218 1048 1263 volumen
1070 1217 1405 1275 complectitur,
1431 1219 1487 1262 ab
1510 1218 1699 1263 exordio
1716 1218 1889 1264 scilicet

246 1296 476 1341 secundae
497 1295 555 1339 ad
576 1295 704 1340 initia
724 1309 872 1351 usque
895 1295 1054 1340 tertiae
1074 1296 1251 1340 Natalis
1267 1295 1495 1340 missionis
1511 1295 1559 1339 in
1575 1296 1885 1350 Germaniam3

237 1388 270 1418 a
290 1360 446 1418 mense
467 1372 640 1417 scilicet
655 1372 796 1431 Junio
821 1372 928 1416 anni
956 1374 1066 1428 1562
1089 1374 1149 1417 ad
1174 1374 1313 1418 finem
1341 1373 1449 1417 anni
1484 1374 1610 1429 1565.
1645 1374 1890 1417 Accedunt

240 1450 462 1508 plurimae
483 1449 701 1508 epistolae
720 1451 795 1495 vel
823 1451 1081 1508 fragmenta
1108 1450 1361 1495 litterarum
1384 1450 1565 1507 aliaque
1592 1458 1889 1496 monumenta

240 1527 474 1581 historica,
499 1528 597 1573 sive
623 1527 671 1571 in
697 1527 1090 1582 annotationibus,
1115 1542 1197 1573 seu
1226 1527 1273 1571 in
1301 1527 1567 1586 appendice,
1593 1529 1651 1571 ad
1672 1527 1888 1585 epistolas

240 1604 415 1650 Natalis
443 1605 749 1658 illustrandaS,
781 1612 827 1648 et
854 1605 912 1648 ad
947 1619 1019 1649 res
1048 1605 1095 1648 in
1132 1604 1220 1648 illis
1256 1612 1489 1650 enarratas
1517 1605 1683 1649 clarius
1711 1600 1885 1651 intelli-

241 1683 431 1740 gendas.
464 1684 599 1739 Quae
629 1682 812 1738 quidem
841 1682 1009 1735 omnia,
1041 1690 1120 1726 aut
1151 1683 1244 1727 fere
1265 1682 1433 1735 omnia,
1459 1690 1511 1725 ut
1532 1682 1644 1726 alias
1665 1682 1880 1736 diximus,

239 1773 364 1804 nunc
386 1759 580 1818 primum
603 1759 724 1817 typis
739 1760 1047 1803 excuduntur.
1867 1764 1870 1768 '

328 1835 453 1881 Illud
466 1844 619 1881 autem
639 1839 729 1881 hoc
750 1838 854 1881 loco
877 1837 1348 1882 animadvertendum:
1374 1852 1431 1882 ex
1452 1836 1673 1894 epistolis,
1698 1851 1816 1893 quae
1838 1836 1885 1880 in

236 1915 325 1959 hac
346 1914 464 1960 serie
485 1915 543 1958 ad
565 1915 775 1959 Natalem
791 1921 1028 1972 spectante
1043 1914 1176 1959 nobis
1193 1915 1398 1960 edendae
1414 1921 1678 1971 supersunt,
1699 1913 1883 1958 uberio-

238 2005 335 2036 rem
355 1998 561 2049 segetem
583 1992 641 2035 ad
664 1991 841 2035 tertiam
868 1992 1073 2048 ejusdem
1102 1991 1150 2035 in
1176 1991 1471 2037 Germaniam
1502 1991 1767 2037 missionem
1795 1993 1881 2035 sub

233 2069 287 2114 S.
313 2069 350 2113 F
352 2068 557 2113 rancisco
579 2069 637 2112 de
660 2069 795 2124 Borja
816 2068 1059 2125 pertinere3
1085 2083 1258 2126 paucae
1285 2068 1407 2113 enim
1435 2083 1492 2113 ex
1520 2068 1609 2112 illis
1629 2069 1878 2126 perierunt,

234 2152 370 2203 prout
389 2145 438 2189 in
460 2146 594 2191 tertio
615 2145 847 2190 volumine
868 2145 1110 2190 videbitur.
1134 2146 1366 2204 Epistolae
1386 2161 1512 2200 vero,
1538 2145 1636 2191 sive
1658 2152 1879 2203 autogra-

235 2224 368 2280 phae,
393 2222 491 2268 sive
511 2224 803 2280 archetypae,
828 2223 886 2266 ad
909 2225 963 2267 P.
990 2223 1158 2267 Lainez
1180 2222 1451 2268 Tridentum
1472 2230 1519 2267 et
1536 2223 1594 2266 ad
1611 2222 1723 2267 alios
1739 2237 1767 2266 a
1782 2224 1879 2267 Na-

235 2299 314 2344 tali
334 2299 383 2343 in
403 2302 490 2345 hac
511 2300 713 2345 secunda
733 2300 1010 2345 Germaniae
1030 2299 1291 2345 visitatione
1313 2300 1615 2357 conscriptae,
1641 2299 1679 2343 si
1703 2314 1877 2356 paucae

229 2376 534 2435 excipiantur,
565 2377 757 2422 amissae
787 2379 994 2431 fuerunt,
1025 2377 1073 2420 ni
1102 2377 1321 2431 fallimur,
1353 2378 1498 2421 multo
1525 2383 1632 2421 ante
1661 2391 1879 2433 praesens

230 2455 481 2499 saeculum.
505 2455 708 2501 Tametsi
729 2470 840 2500 vero
862 2454 988 2512 ipsae
1009 2454 1227 2511 epistolae
1243 2453 1516 2507 interierint,
1536 2468 1642 2498 cum
1661 2468 1879 2510 responsa

231 2532 480 2589 archetypa
496 2531 646 2577 Patris
662 2531 831 2577 Lainez
849 2532 907 2575 ad
923 2532 1150 2585 Natalem,
1171 2530 1378 2575 Tridenti
1395 2531 1518 2585 data,
1534 2537 1749 2578 accurate
1766 2544 1876 2573 con-

232 2614 490 2661 serventur,
515 2624 572 2654 ex
592 2608 753 2653 iisdem
774 2608 1149 2666 responsionibus
1175 2623 1269 2652 non
1296 2609 1445 2652 solum
1467 2607 1655 2664 negotia
1677 2622 1703 2650 a
1724 2606 1877 2651 Natali

230 2685 279 2728 in
299 2684 395 2728 suis
415 2684 618 2742 epistolis
639 2686 860 2743 exposita,
886 2687 968 2732 sed
989 2685 1127 2730 etiam
1146 2693 1349 2742 tempora
1366 2692 1413 2731 et
1428 2685 1545 2739 loca,
1569 2684 1646 2728 ubi
1663 2683 1784 2727 illius
1800 2683 1876 2726 lit-

231 2768 356 2807 terae
370 2762 505 2807 datae
521 2763 707 2807 fuerunt
727 2763 907 2820 saepius
923 2762 1131 2816 definire,
1151 2762 1279 2806 nullo
1294 2763 1370 2808 vel
1385 2769 1510 2806 certe
1530 2760 1650 2805 facili
1667 2760 1873 2817 negotio,

229 2838 363 2883 nobis
394 2838 538 2882 licuit.

314 2916 544 2972 Epistolae
565 2930 593 2959 a
616 2917 831 2970 Polanco,
856 2932 913 2962 ex
940 2916 1260 2962 commissione
1282 2918 1336 2960 P.
1369 2915 1555 2968 Lainez,
1581 2915 1638 2958 ad
1660 2915 1875 2959 Natalem

228 2993 377 3046 datae,
410 3007 528 3049 quae
554 2992 737 3048 quidem
765 2995 981 3050 majorem
1008 2995 1146 3051 hujus
1173 2993 1418 3038 voluminis
1447 2999 1639 3050 partem,
1670 2990 1876 3048 exceptis

231 3069 576 3127 appendicibus,
602 3071 818 3123 conflant,
838 3086 895 3116 ex
910 3070 1020 3127 ipsis
1044 3070 1274 3128 Regestis,
1295 3068 1502 3114 Tridenti
1519 3070 1606 3112 sub
1629 3067 1773 3112 oculis
1792 3069 1878 3110 Pa·
1919 3100 1921 3103 .
