2196 3522
382 262 455 288 xlv
843 249 1099 285 PROOEMIUM
1124 253 1308 282 SECUNm
1332 247 1561 282 voLUM1N'18

382 353 531 398 censis
553 351 740 409 negotia
762 349 913 394 Natali
935 364 961 392 a
983 347 1151 392 Lainez
1173 346 1550 391 commendantur
1567 346 1637 404 (15
1663 347 1810 404 Aug.,
1833 358 1858 401 7
1877 347 2022 405 Oct.).

381 434 451 476 De
480 429 682 475 Oliverio
707 430 938 479 Manareo,
973 427 1109 478 Paez‚
1150 422 1370 476 Mariana,
1403 425 1629 478 Pontano,
1654 425 1828 482 Jacobo
1856 413 2021 482 Schip-

380 523 485 551 man
512 507 570 550 ad
597 504 870 551 Germaniae
899 504 972 548 vel
999 501 1177 547 Galliae
1199 500 1457 558 provincias
1478 500 1760 545 destinandis
1790 502 1830 560 (3
1854 502 2018 560 Sept.)'.

380 584 675 630 Colonienses
697 582 743 624 in
765 580 967 624 adversis
990 580 1128 624 rebus
1151 594 1177 622 a
1194 577 1346 622 Natali
1363 579 1658 634 consolantur
1675 579 1717 636 (7
1735 579 1879 636 Oct.).
1900 580 2020 624 Cum

379 662 591 718 episcopo
617 658 923 716 herbipolensi
951 658 1007 701 de
1037 656 1232 721 collegio
1262 654 1503 701 Societatis
1534 655 1754 713 erigendo
1781 671 1930 702 sermo
1951 664 2025 703 est

380 742 421 794 (7
445 740 573 791 Oct.‚
611 751 627 781 1
659 736 813 793 Nov.).
857 734 1119 780 Sententias
1142 734 1465 790 theologorum
1493 732 1737 778 Societatis
1764 735 2023 791 expostulat

378 817 621 873 imperator
645 815 702 858 de
724 812 1046 857 communione
1075 812 1161 855 sub
1190 818 1385 867 utraque
1422 810 1574 867 specie
1607 811 1645 867 (1
1687 811 1842 869 Nov.).
1869 811 2025 856 Patris

380 892 610 938 Victoriae
647 907 673 935 a
709 893 761 935 Β.
798 889 982 934 Canisio
1020 887 1245 932 aversioni
1282 887 1420 931 animi
1457 895 1503 931 et
1538 887 1816 932 diffidentiae
1852 888 2029 934 mederi
2097 897 2102 907 ⁸

380 977 603 1014 conantur
642 971 735 1013 ΡΡ.
777 967 943 1011 Lainez
972 973 1017 1010 et
1054 966 1203 1010 Nadal
1240 966 1311 1023 (18
1360 966 1488 1018 Oct.‚
1527 978 1542 1009 1
1576 950 1728 1022 Nov.).
1767 965 2025 1023 Episcopus

380 1045 735 1104 osnabrugensis
778 1060 906 1088 suam
938 1057 1049 1101 erga
1078 1043 1353 1088 Societatem
1375 1043 1744 1088 benevolentiam
1786 1044 2027 1100 profitetur

382 1126 453 1182 (27
486 1123 647 1180 Aug).
685 1121 961 1166 Catechismi
999 1120 1248 1165 Monhemii
1285 1134 1479 1166 censura
1514 1120 1768 1164 illustratur
1800 1121 1843 1179 (6
1864 1121 2018 1179 Nov.).

379 1200 651 1246 Germaniae
673 1198 916 1256 superioris
948 1198 995 1241 in
1026 1199 1142 1242 duas
1163 1197 1431 1242 divisionem
1461 1197 1586 1241 Patri
1614 1198 1782 1243 Lainez
1810 1197 2024 1256 proponit
2082 1222 2095 1229 «

379 1278 525 1322 Nadal
547 1278 619 1334 (14
641 1276 793 1333 Nov.).
821 1275 1110 1320 Monacensis
1131 1274 1309 1330 civitaS,
1334 1274 1499 1319 infesta
1520 1275 1596 1318 lue
1612 1275 1800 1331 afflicta,
1820 1275 2020 1320 divinam

378 1370 509 1412 opem
525 1355 753 1411 implorat,
774 1361 819 1397 et
836 1353 996 1397 melius
1013 1354 1182 1398 habere
1197 1352 1371 1409 incipit:
1391 1367 1606 1410 prospera
1620 1354 1678 1398 de
1694 1353 1889 1411 collegio
1906 1352 2021 1397 scri—

379 1432 445 1475 bit
467 1427 711 1488 Menginus
735 1432 776 1489 (9
799 1431 945 1487 Deo).
974 1430 1171 1487 Borgiae
1194 1431 1331 1474 Pater
1354 1429 1529 1474 Natalis
1546 1445 1680 1474 suum
1698 1445 1810 1488 erga
1826 1431 2021 1475 Germa-

377 1509 498 1554 niam
520 1523 717 1552 amorem
747 1515 957 1561 testatur,
988 1515 1034 1552 et
1062 1510 1308 1552 vehemens
1336 1507 1538 1552 studium
1568 1514 1618 1551 ut
1646 1508 1739 1565 apti
1761 1522 1843 1565 pro
1872 1523 1926 1553 ea
1940 1507 2021 1564 ju—

379 1587 526 1630 vanda
547 1585 738 1642 operarii
761 1587 930 1629 Romae
952 1585 1265 1639 instituantur;
1286 1584 1482 1641 ideoque
1505 1586 1562 1630 de
1585 1585 1766 1642 collegii
1787 1584 2020 1643 germani-

378 1664 418 1707 ci
440 1678 654 1720 prospero
677 1677 891 1706 successu
915 1663 1102 1720 gaudet,
1128 1677 1254 1719 spem
1277 1661 1427 1706 animo
1450 1663 1611 1706 fovens
1637 1677 1753 1719 «que
1774 1662 2022 1720 podremos

379 1755 506 1785 sacar
527 1741 658 1784 desse
685 1740 877 1797 collegio
900 1756 957 1785 en
979 1741 1119 1784 breue
1142 1739 1312 1796 tiempo
1335 1755 1444 1796 muy
1465 1740 1641 1784 buenos
1664 1741 1829 1797 galgos
1851 1755 1881 1797 y
1897 1754 2026 1784 mas--

378 1818 494 1863 tines
516 1831 623 1874 para
640 1824 798 1860 contra
814 1824 936 1862 estos
953 1816 1220 1861 demonillos
1242 1832 1272 1873 y
1292 1816 1603 1873 heretiquillos
1620 1818 1677 1862 de
1700 1818 1948 1861 Alemafia»
1975 1817 2016 1875 (5

377 1895 524 1951 Deo).
551 1894 807 1951 Collegium
831 1896 1074 1951 Augustae
1096 1910 1122 1938 a
1143 1894 1295 1939 Natali
1317 1894 1680 1951 recognoscitur,
1700 1894 1854 1950 ibique
1870 1894 2018 1938 moni-

379 1979 424 2015 ta
446 1986 527 2028 pro
547 1972 622 2014 lue
644 1986 670 2014 a
691 1971 826 2014 sociis
849 1973 1094 2017 avertenda
1112 1973 1168 2015 ab
1193 1971 1299 2028 ipso
1314 1972 1572 2026 traduntur3
1601 1971 1812 2016 Canisius
1835 1971 2019 2029 sapien-

379 2048 500 2091 tibus
517 2047 699 2091 monitis
716 2055 760 2092 et
778 2048 994 2103 consiliis,
1014 2063 1191 2092 summo
1210 2048 1352 2105 ipsius
1369 2048 1548 2103 solatio,
1562 2049 1752 2105 juvatur
1770 2049 1843 2107 (20
1859 2047 2013 2106 Nov.).

379 2124 705 2181 Lanspergiam
732 2124 857 2168 venit
893 2125 1082 2179 Natalis,
1115 2125 1269 2182 ibique
1291 2127 1349 2171 de
1370 2125 1604 2169 dotatione
1625 2125 1923 2183 collegiorum
1945 2125 2018 2169 in-

378 2201 697 2258 golstadiensis
725 2209 771 2245 et
802 2203 1090 2247 monacensis
1121 2203 1241 2246 serio
1270 2203 1459 2260 cogitat,
1501 2217 1688 2259 remque
1720 2217 1824 2246 cum
1847 2202 2019 2259 primo-

379 2278 505 2321 ribus
533 2277 728 2322 civitatis
757 2278 989 2335 transigit,
1031 2279 1433 2335 ordinationesque
1469 2279 1866 2336 prudentissimas,
1898 2294 2017 2335 quae

377 2355 579 2412 generali
602 2355 858 2411 praeposito
880 2371 1167 2413 summopere
1188 2358 1457 2414 probantur,
1482 2356 1570 2400 illis
1592 2355 1800 2413 collegiis
1821 2356 2016 2414 scriptas

376 2431 591 2487 relinquit
614 2433 686 2489 (20
708 2439 754 2475 et
777 2445 834 2486 24
855 2434 1008 2489 Nov.).
1036 2435 1133 2477 Has
1162 2442 1315 2479 autem
1337 2433 1662 2477 instructiones
1690 2441 1736 2478 et
1764 2433 2013 2478 ordinatio·
2054 2474 2066 2478 ,.

376 2523 458 2552 nes
473 2515 576 2565 post
590 2522 750 2568 omnes
766 2508 978 2565 epistolas
996 2510 1041 2553 in
1060 2510 1220 2554 ultimo
1237 2510 1414 2554 illarum
1431 2509 1678 2563 volumine,
1692 2511 1792 2555 Deo
1801 2511 2012 2567 juvante,

377 2584 600 2628 dabimus.
643 2585 978 2629 Annotationes
1006 2587 1181 2630 doctori
1211 2588 1395 2640 Paivae,
1435 2588 1493 2632 de
1520 2588 1658 2632 rebus
1687 2587 1930 2632 Societatis
1965 2587 2012 2632 in

377 2661 659 2706 Kemnitium
686 2661 917 2716 scribenti,
949 2678 975 2706 a
1004 2666 1140 2708 Patre
1168 2665 1315 2708 Nadal
1342 2663 1691 2720 suppeditantur
1720 2666 1793 2722 (24
1820 2666 1960 2719 Novi,
1991 2668 2010 2709 1

424 2738 519 2793 eo).
546 2737 827 2794 Straubinga
864 2739 1107 2795 collegium
1132 2740 1374 2785 Societatis
1402 2740 1644 2797 impetrare
1678 2741 1915 2787 contendit
1936 2743 1950 2800 (
1958 2754 2017 2786 20

375 2815 420 2858 N
424 2814 530 2871 ov.>.
557 2817 628 2858 De
650 2814 926 2858 catechismo
944 2817 1124 2861 tandem
1145 2817 1482 2873 locupletando,
1502 2818 1560 2862 de
1581 2817 1745 2863 litteris
1761 2818 1924 2863 indicis
1945 2815 2012 2863 Ia—

376 2890 471 2935 tine
492 2891 740 2944 vertendis,
780 2892 837 2935 de
866 2893 1002 2936 rebus
1030 2894 1310 2950 Antverpiae
1339 2901 1385 2938 et
1416 2893 1624 2948 Lovanii,
1657 2895 1848 2951 aliisque
1875 2895 2016 2940 rebus

377 2966 536 3010 ultima
562 2968 700 3023 hujus
727 2967 833 3011 anni
871 2968 1075 3024 epistola,
1108 2969 1326 3014 Tridento
1363 2987 1390 3015 a
1427 2971 1628 3015 Polanco
1663 2985 1716 3026 14
1743 2966 2013 3029 Decembris

377 3044 499 3097 data,
526 3043 721 3087 disserit.

2168 3304 2196 3522 AQLffl-..mffi
2179 3266 2196 3289 1.)-
2177 3203 2196 3256 ,slav
2183 3181 2192 3189 v
2182 3071 2196 3160 ,i-...zz
2191 3046 2196 3059 -
2190 3023 2196 3030 ‚
2189 2961 2196 3006 ..tn
2188 2933 2189 2936 „
2191 2871 2196 2901 ..
2184 2823 2196 2857 ,κν
2175 2783 2196 2807 ,ζμ
2180 2675 2196 2746 sana
2182 2639 2196 2664 ψ’
2166 2597 2196 2627 'js
2190 2546 2196 2580 ..,
2184 2503 2196 2521 μ
2183 2425 2196 2480 ῖ,..·,·.
