2196 3522
338 270 408 308 550
961 263 1099 300 prs‘r.
1125 256 1171 299 P.
1201 263 1352 300 NADAL

335 363 457 406 tibus
478 370 729 419 promotus·
753 362 920 421 [Magn]
962 377 998 407 1.
1041 365 1168 421 Lego
1197 364 1284 408 iam
1314 364 1496 408 tertium
1524 365 1688 409 librum
1717 354 1774 411 {le
1802 364 1968 421 anima;

334 422 512 478 incoepi
540 424 705 467 docere
740 423 1094 479 metaphysicam
1131 422 1204 482 9st
1233 423 1343 482 Julii
1379 425 1506 479 1561,
1537 431 1583 468 et
1613 426 1670 469 ab
1693 440 1747 470 eo
1769 432 1972 481 tempore

335 496 514 537 semper
536 482 642 539 legi.
679 484 747 539 [II,
774 493 875 538 225,
903 481 1004 542 226]

431 554 466 584 Ι.
534 543 764 586 Llamome
780 543 1025 585 Francisco
1041 543 1094 585 de
1120 544 1283 585 Varea.
1306 555 1346 585 2.
1370 543 1432 587 So
1448 544 1505 586 de
1528 554 1585 600 29
1601 550 1727 587 afios.
1751 557 1790 599 3.
1814 544 1877 588 So
1894 544 1967 587 del

336 600 608 653 Andaluzia,
633 602 688 645 de
713 601 847 644 tierra
876 603 933 646 de
971 604 1118 657 Baeca
1144 637 1171 645 ..
1213 615 1279 655 14.
1306 602 1567 646 Recibiome
1598 617 1654 646 en
1683 603 1896 646 Coimbra
1926 603 1969 645 el

338 661 391 702 Ρ.
417 661 498 703 Dr.
525 662 707 714 Torres,
747 661 939 704 estando
968 676 1026 704 en
1056 662 1276 718 Portugal
1304 676 1385 718 por
1414 662 1683 706 visitador...
1716 663 1781 706 16.
1819 664 1889 706 Va
1911 677 1969 706 en

337 733 485 764 nueve
507 726 622 763 afios
644 735 732 776 que
754 728 886 776 estoy
908 736 965 764 en
982 721 1024 763 la
1042 722 1346 777 Compafiia...
1370 733 1436 764 22.
1458 722 1520 766 So
1536 721 1784 765 sacerdote.
1806 734 1874 776 23.
1895 723 1969 766 He

337 779 495 822 estado
518 794 573 823 en
599 779 764 823 Lisboa
784 795 814 836 y
831 795 888 823 en
907 779 1119 823 Coimbra
1136 782 1400 824 ensefiando
1417 782 1527 824 latin
1545 780 1637 823 casi
1655 781 1762 823 todo
1779 781 1820 825 el
1838 780 1970 823 tiem-

338 852 411 893 ρο,
436 847 628 895 excepto
649 855 710 882 vn
733 854 821 882 ano
843 854 930 894 que
954 840 1033 895 fuy
1054 841 1260 896 prefecto
1278 840 1335 884 de
1357 841 1424 883 los
1446 840 1646 883 estudios
1663 854 1720 883 θη
1742 840 1789 884 S.
1816 841 1973 883 Anton

337 898 394 941 de
419 897 599 951 Lisboa,
633 913 663 954 y
692 899 887 955 algunos
918 914 1088 943 messes
1125 900 1393 943 confessor..
1407 933 1414 942 .
1458 899 1699 943 Francisco
1726 900 1783 943 de
1804 900 1968 943 Varea.

342 958 411 1013 [ΙΙ,
438 967 540 1012 251,
574 968 657 1012 252

434 1029 470 1060 Ι.
532 956 761 1060 Chatriao-
766 1030 838 1060 me
881 1018 1108 1061 Gabm'el'
1119 1052 1126 1060 .
1155 1029 1195 1060 2.
1228 1019 1298 1061 De
1326 1017 1456 1060 idade
1485 1018 1542 1060 de
1571 1030 1626 1072 30
1655 1032 1797 1060 annos
1826 1031 1974 1073 pouco

340 1075 453 1118 mais
469 1090 528 1118 ou
547 1091 722 1121 menos.
745 1090 787 1132 3.
803 1078 872 1120 De
890 1076 1123 1133 prouincia
1140 1078 1198 1121 de
1216 1077 1451 1133 portugal,
1466 1077 1523 1119 da
1539 1076 1698 1121 cidade
1709 1078 1767 1120 do
1783 1078 1967 1120 Porto...

345 1137 678 1180 10.Tratauae
695 1136 947 1193 negociaua
963 1151 1022 1179 no
1040 1137 1225 1187 mundo,
1251 1150 1276 1179 e
1298 1151 1486 1191 nunqua
1508 1137 1733 1192 estudey..
1744 1170 1752 1179 .
1785 1148 1852 1190 14.
1862 1137 1907 1179 F
1911 1132 1979 1191 uy

340 1194 552 1238 recebido
575 1211 647 1240 em
665 1196 892 1252 Coymbra
915 1197 1015 1252 pelo
1039 1198 1092 1239 P.
1113 1197 1217 1239 dom
1237 1195 1421 1239 Inacio..
1434 1197 1534 1239 .16.
1558 1197 1632 1239 Ha
1649 1202 1811 1250 quatro
1829 1209 1972 1238 annos

340 1268 430 1309 que
452 1262 612 1311 entrey
644 1270 702 1298 na
734 1255 1052 1311 Companhia..
1063 1289 1072 1298 .
1110 1268 1178 1298 22.
1204 1249 1364 1299 Tenho
1381 1255 1512 1298 todas
1544 1270 1593 1298 as
1621 1255 1786 1298 ordens
1813 1268 1971 1298 meno-—

341 1327 426 1357 res.
456 1326 526 1368 23.
553 1315 768 1359 Somente
791 1330 848 1359 en
870 1315 1099 1371 Coymbra
1115 1330 1140 1359 e
1154 1329 1273 1370 aquy
1292 1329 1362 1358 em
1387 1314 1572 1357 Lixboa.
1600 1314 1798 1370 Ensiney
1820 1328 1870 1357 os
1886 1313 1972 1356 mi-

342 1371 475 1416 ninos
491 1388 562 1418 em
585 1374 813 1430 Coymbra
834 1375 917 1417 dez
939 1389 1100 1417 meses:
1132 1373 1312 1430 despois
1339 1372 1489 1429 seruiy
1512 1388 1538 1416 o
1560 1373 1706 1416 officio
1728 1374 1785 1417 de
1807 1387 1973 1430 procu-

342 1432 490 1485 rador,
516 1448 541 1476 e
562 1448 705 1490 agora
722 1448 805 1476 sou
822 1433 1058 1476 coadiutor
1074 1433 1132 1476 do
1156 1435 1208 1476 P.
1235 1435 1270 1476 F
1273 1432 1477 1490 rancisco
1493 1433 1756 1488 Anrriquez.
1778 1432 1847 1490 [11,
1869 1445 1970 1488 332,

426 1491 561 1608 ἔθεος
592 1551 748 1595 Maria.
782 1551 1115 1607 Responsiones
1149 1551 1376 1595 Gabrielzs
1405 1551 1605 1594 Morales
1632 1551 1688 1594 ad
1716 1550 1973 1607 interroga-

344 1609 489 1653 tiones
514 1610 654 1654 factas
675 1625 702 1653 a
732 1611 846 1654 Rdo.
881 1613 1017 1655 Patre
1045 1610 1210 1654 Natali.
1244 1611 1319 1654 Ad
1347 1624 1626 1654 communes.
1659 1610 1734 1654 Ad
1762 1610 1968 1666 primam.

342 1670 494 1713 Vocor
526 1670 712 1713 Gabriel
739 1670 954 1713 Morales.
987 1672 1039 1713 ΙΙ.
1072 1669 1332 1726 Compleui,
1364 1677 1583 1726 quantum
1610 1670 1770 1722 credo,
1793 1683 1972 1736 ‘annum

342 1742 488 1772 xxxvl
513 1729 632 1772 circa
655 1730 789 1773 finem
812 1729 1085 1773 Nouembris
1107 1730 1179 1774 vel
1201 1729 1465 1773 Decembris
1487 1728 1593 1772 anni
1615 1727 1804 1796 proximi
1822 1734 1973 1784 prete

341 1787 415 1830 riti
439 1802 625 1832 MDLXII.
652 1789 725 1832 III.
752 1790 862 1833 Sum
886 1789 1103 1844 hispanus
1125 1788 1324 1841 natione,
1345 1803 1401 1832 ex
1422 1787 1654 1845 prouincia
1672 1788 1868 1832 Castelle
1889 1801 1971 1830 ve-

344 1846 467 1899 teris,
493 1862 549 1891 ex
571 1847 755 1891 ciuitate
777 1848 1045 1904 Lucronij...
1073 1849 1170 1892 VII.
1198 1849 1394 1904 Quando
1417 1847 1557 1891 statui·
1577 1861 1713 1903 agere
1729 1847 1788 1893 de
1807 1861 1909 1892 meo
1925 1846 1972 1889 in

344 1906 618 1951 Societatem
641 1907 868 1964 ingressu,
900 1907 1202 1951 inseruiebam
1230 1907 1399 1960 comiti,
1431 1906 1508 1963 qui
1535 1906 1702 1950 dicitur
1728 1907 1786 1950 de
1814 1905 1972 1950 Bailen

343 1967 429 2008 sub
453 1966 586 2010 titulo
615 1966 880 2011 secretarii.
892 1969 1016 2011 .ΙΧ.
1052 1967 1127 2010 Ad
1160 1981 1311 2011 xxvm
1344 1965 1512 2011 mensis
1544 1965 1650 2022 Maij
1684 1964 1876 2022 proximi
1897 1979 1972 2009 se-

343 2025 525 2080 quentis
547 2032 680 2070 erunt
702 2034 895 2082 quatuor
911 2026 1018 2069 anni
1040 2026 1162 2093 quod
1183 2025 1281 2069 fui
1269 2041 1315 2068 1n
1346 2026 1639 2071 Societatem
1648 2031 1859 2081 receptus
1881 2025 1974 2090 Ro

344 2099 458 2136 mae,
490 2093 535 2128 et
564 2084 846 2129 examinatus
874 2093 982 2129 tunc
1017 2085 1208 2142 primum
1247 2100 1274 2128 a
1310 2084 1591 2130 Reuerendis
1620 2084 1832 2127 Patribus
1860 2082 1974 2126 assi-

302 2169 304 2171 >
344 2143 570 2187 stentibus
592 2145 648 2188 de
670 2144 938 2199 quibusdam
960 2146 1113 2197 rebus,
1138 2144 1302 2189 deinde
1318 2144 1474 2201 paucis
1491 2150 1593 2200 post
1609 2143 1770 2187 diebus
1787 2141 1974 2186 seorsim

344 2217 371 2245 a
393 2204 507 2246 Rdo.
538 2205 588 2247 P.
619 2204 832 2258 PolanCO,
859 2203 1059 2260 generali
1082 2203 1323 2249 Societatis
1343 2203 1584 2247 examine.
1599 2203 1712 2246 .ΧΙ.
1734 2203 1846 2246 Sum
1868 2215 1973 2257 pro-

344 2269 495 2305 motus
518 2263 574 2305 ad
596 2262 898 2306 diaconatum.
924 2265 1023 2307 XII.
1051 2263 1135 2307 Fui
1158 2265 1328 2307 Romae
1355 2262 1402 2305 in
1431 2264 1564 2306 domo
1597 2237 1836 2306 Societatis
1858 2267 1904 2304 et
1924 2260 1971 2303 in

344 2321 634 2388 coll[egio]-—
656 2347 715 2354 —
743 2323 758 2344 ²
791 2329 836 2366 et
874 2323 1062 2368 Vienae.
1094 2323 1170 2366 Ad
1197 2322 1556 2388 interogationes
1582 2319 1969 2364 scholasticorum.

346 2381 421 2424 Ad
443 2380 647 2436 primam.
673 2381 722 2426 Si
745 2388 922 2438 tempus
943 2397 1146 2426 meorum
1168 2381 1419 2424 studiorum
1438 2382 1494 2424 ab
1511 2379 1639 2424 initio
1654 2386 1910 2435 computem
1927 2385 1974 2422 et

346 2453 504 2483 verum
534 2447 626 2493 est,
658 2447 707 2483 ut
737 2442 891 2493 credo,
916 2455 989 2484 me
1016 2442 1185 2485 habere
1214 2440 1400 2508 triginta
1426 2455 1506 2484 sex
1534 2453 1692 2483 annos:
1724 2439 1838 2481 forte
1865 2445 1973 2481 sunt

344 2498 434 2542 iarn
462 2499 700 2566 plusquam
729 2499 892 2555 viginti
925 2502 1015 2544 duo
1046 2500 1167 2556 quod
1196 2500 1293 2556 cepi
1327 2500 1510 2543 studere
1538 2498 1681 2555 prima
1715 2497 1972 2540 rudimenta

345 2558 684 2614 grammaticae.
710 2559 802 2603 Sed
823 2559 1001 2626 interim
1023 2559 1161 2603 habui
1189 2560 1353 2602 multas
1380 2566 1426 2601 et
1452 2559 1614 2614 longas
1641 2555 1971 2612 interpollatio-

346 2632 442 2662 nes.
470 2619 729 2674 Antequam
751 2618 951 2662 venirem
970 2619 1027 2661 ad
1044 2618 1316 2663 Societatem
1334 2617 1437 2661 dedi
1456 2631 1633 2673 operam
1651 2615 1973 2682 grammaticae

347 2683 438 2720 tres
456 2691 598 2720 annos
616 2677 718 2733 plus
733 2677 890 2720 minus
901 2678 1131 2733 Lucronij,
1151 2676 1395 2729 Victoriae,
1415 2676 1462 2719 in
1479 2676 1663 2720 ciuitate
1680 2677 1727 2720 S.
1749 2673 1973 2718 Dominici

346 2735 643 2780 Calciatensis
664 2743 711 2780 et
740 2737 986 2792 Compluti·
1017 2737 1180 2780 deinde
1208 2736 1362 2780 cursui
1390 2734 1697 2792 philosophiae
1725 2741 1770 2778 et
1797 2734 1974 2776 mathe—

346 2794 521 2838 maticis
554 2794 800 2852 Compluti3
836 2795 972 2851 idque
1004 2795 1050 2839 in
1083 2795 1228 2852 spatio
1260 2802 1454 2851 quatuor
1486 2808 1723 2845 annorum,
1747 2792 1853 2836 licet
1884 2807 1974 2835 non

418 2951 427 2970 ¹
479 2949 523 2984 In
545 2947 640 2984 Cod.
665 2957 702 2992 5,
727 2945 867 2984 Natal.
892 2950 1011 2984 instr
1047 2949 1190 2995 Lusit„
1222 2947 1572 2994 ff.179,180,hic
1603 2946 1784 2982 scribitur
1809 2943 1974 2980 Gabriel

343 2996 511 3043 Afonso.
532 2995 634 3031 Vide
652 2996 781 3043 Epist.
800 2996 957 3040 Natal„
977 2996 1008 3042 I,
1027 3004 1116 3041 700.

414 3046 428 3065 ²
478 3042 623 3079 Charta
640 3050 870 3087 consumpta
888 3049 962 3089 est,
982 3049 1023 3079 et
1039 3043 1195 3091 aliquod
1213 3043 1377 3078 verbum
1395 3041 1655 3077 desideratur.
