<?xml version="1.0" encoding="UTF-8"?>
<!DOCTYPE html PUBLIC "-//W3C//DTD XHTML 1.0 Transitional//EN"
    "http://www.w3.org/TR/xhtml1/DTD/xhtml1-transitional.dtd">
<html xmlns="http://www.w3.org/1999/xhtml" xml:lang="en" lang="en">
 <head>
  <title>
</title>
<meta http-equiv="Content-Type" content="text/html;charset=utf-8" />
  <meta name='ocr-system' content='tesseract 3.04.00' />
  <meta name='ocr-capabilities' content='ocr_page ocr_carea ocr_par ocr_line ocrx_word'/>
</head>
<body>
  <div class='ocr_page' id='page_1' title='image "./epistolaephieron02nadauoft_0037.png"; bbox 0 0 2196 3522; ppageno 0'>
   <div class='ocr_carea' id='block_1_1' title="bbox 46 0 131 168">
    <p class='ocr_par' dir='ltr' id='par_1_1' title="bbox 46 0 131 168">
     <span class='ocr_line' id='line_1_1' title="bbox 46 8 72 168; textangle 90"><span class='ocrx_word' id='word_1_1' title='bbox 54 161 65 168; x_wconf 76' lang='lat' dir='ltr'>t</span> <span class='ocrx_word' id='word_1_2' title='bbox 46 8 72 55; x_wconf 47' lang='lat'>,³³—</span> 
     </span>
     <span class='ocr_line' id='line_1_2' title="bbox 111 0 131 78; textangle 90"><span class='ocrx_word' id='word_1_3' title='bbox 129 73 131 78; x_wconf 79' lang='grc'>.</span> <span class='ocrx_word' id='word_1_4' title='bbox 111 0 131 42; x_wconf 78' lang='grc'><em>·-,““</em></span> 
     </span>
    </p>
   </div>
   <div class='ocr_carea' id='block_1_2' title="bbox 1010 292 1874 337">
    <p class='ocr_par' dir='ltr' id='par_1_2' title="bbox 1010 292 1874 337">
     <span class='ocr_line' id='line_1_3' title="bbox 1010 292 1874 337; baseline -0.009 0"><span class='ocrx_word' id='word_1_5' title='bbox 1010 292 1102 337; x_wconf 86' lang='lat'>1556</span> <span class='ocrx_word' id='word_1_6' title='bbox 1832 302 1874 329; x_wconf 88' lang='lat'>11</span> 
     </span>
    </p>
   </div>
   <div class='ocr_carea' id='block_1_3' title="bbox 227 393 1879 1999">
    <p class='ocr_par' dir='ltr' id='par_1_3' title="bbox 227 393 1879 1999">
     <span class='ocr_line' id='line_1_4' title="bbox 232 393 1879 450; baseline -0.001 -10"><span class='ocrx_word' id='word_1_7' title='bbox 232 395 398 440; x_wconf 89' lang='lat' dir='ltr'>artium</span> <span class='ocrx_word' id='word_1_8' title='bbox 435 395 705 440; x_wconf 90' lang='lat' dir='ltr'>liberalium.</span> <span class='ocrx_word' id='word_1_9' title='bbox 748 398 802 440; x_wconf 94' lang='lat' dir='ltr'>P.</span> <span class='ocrx_word' id='word_1_10' title='bbox 838 393 1183 439; x_wconf 85' lang='lat' dir='ltr'>Bustamantius</span> <span class='ocrx_word' id='word_1_11' title='bbox 1210 393 1502 450; x_wconf 90' lang='lat' dir='ltr'>prouincialis</span> <span class='ocrx_word' id='word_1_12' title='bbox 1531 394 1582 437; x_wconf 89' lang='lat' dir='ltr'>fit</span> <span class='ocrx_word' id='word_1_13' title='bbox 1612 394 1830 439; x_wconf 88' lang='lat' dir='ltr'>Bethicae</span> <span class='ocrx_word' id='word_1_14' title='bbox 1851 411 1879 439; x_wconf 90' lang='lat' dir='ltr'>a</span> 
     </span>
     <span class='ocr_line' id='line_1_5' title="bbox 235 471 1877 529; baseline 0 -12"><span class='ocrx_word' id='word_1_15' title='bbox 235 475 288 518; x_wconf 91' lang='lat' dir='ltr'>P.</span> <span class='ocrx_word' id='word_1_16' title='bbox 313 474 351 517; x_wconf 94' lang='lat' dir='ltr'>F</span> <span class='ocrx_word' id='word_1_17' title='bbox 352 473 574 528; x_wconf 88' lang='lat' dir='ltr'>rancisco,</span> <span class='ocrx_word' id='word_1_18' title='bbox 599 480 646 518; x_wconf 92' lang='lat' dir='ltr'>et</span> <span class='ocrx_word' id='word_1_19' title='bbox 662 476 719 517; x_wconf 93' lang='lat' dir='ltr'>D.</span> <span class='ocrx_word' id='word_1_20' title='bbox 742 475 911 517; x_wconf 91' lang='lat' dir='ltr'>Torres</span> <span class='ocrx_word' id='word_1_21' title='bbox 926 471 1219 529; x_wconf 89' lang='lat' dir='ltr'>prouincialis</span> <span class='ocrx_word' id='word_1_22' title='bbox 1241 471 1554 528; x_wconf 89' lang='lat' dir='ltr'>Portugalliae</span> <span class='ocrx_word' id='word_1_23' title='bbox 1570 486 1624 516; x_wconf 93' lang='lat' dir='ltr'>ac</span> <span class='ocrx_word' id='word_1_24' title='bbox 1640 473 1877 517; x_wconf 90' lang='lat' dir='ltr'>confessa-</span> 
     </span>
     <span class='ocr_line' id='line_1_6' title="bbox 233 539 1871 607; baseline 0.001 -14"><span class='ocrx_word' id='word_1_25' title='bbox 233 549 329 595; x_wconf 83' lang='lat' dir='ltr'>rius</span> <span class='ocrx_word' id='word_1_26' title='bbox 350 547 552 607; x_wconf 87' lang='lat' dir='ltr'>reginae.</span> <span class='ocrx_word' id='word_1_27' title='bbox 581 553 635 595; x_wconf 90' lang='lat' dir='ltr'>P.</span> <span class='ocrx_word' id='word_1_28' title='bbox 662 550 811 595; x_wconf 93' lang='lat' dir='ltr'>Miron</span> <span class='ocrx_word' id='word_1_29' title='bbox 827 550 1088 594; x_wconf 89' lang='lat' dir='ltr'>absoluerat</span> <span class='ocrx_word' id='word_1_30' title='bbox 1105 539 1366 592; x_wconf 82' lang='lat' dir='ltr'>triennium:</span> <span class='ocrx_word' id='word_1_31' title='bbox 1388 548 1554 592; x_wconf 90' lang='lat' dir='ltr'>missus</span> <span class='ocrx_word' id='word_1_32' title='bbox 1569 556 1641 594; x_wconf 91' lang='lat' dir='ltr'>est</span> <span class='ocrx_word' id='word_1_33' title='bbox 1657 550 1714 593; x_wconf 93' lang='lat' dir='ltr'>ad</span> <span class='ocrx_word' id='word_1_34' title='bbox 1736 551 1871 595; x_wconf 91' lang='lat' dir='ltr'>colle—</span> 
     </span>
     <span class='ocr_line' id='line_1_7' title="bbox 230 625 1876 686; baseline 0.001 -16"><span class='ocrx_word' id='word_1_35' title='bbox 230 627 362 686; x_wconf 88' lang='lat' dir='ltr'>gium</span> <span class='ocrx_word' id='word_1_36' title='bbox 389 628 688 672; x_wconf 90' lang='lat' dir='ltr'>valentinum.</span> <span class='ocrx_word' id='word_1_37' title='bbox 721 628 930 672; x_wconf 92' lang='lat' dir='ltr'>Vibonae</span> <span class='ocrx_word' id='word_1_38' title='bbox 956 625 1004 668; x_wconf 91' lang='lat' dir='ltr'>in</span> <span class='ocrx_word' id='word_1_39' title='bbox 1030 625 1184 670; x_wconf 84' lang='lat' dir='ltr'>Sicilia</span> <span class='ocrx_word' id='word_1_40' title='bbox 1210 632 1281 669; x_wconf 89' lang='lat' dir='ltr'>est</span> <span class='ocrx_word' id='word_1_41' title='bbox 1312 625 1603 670; x_wconf 90' lang='lat' dir='ltr'>aedificatum</span> <span class='ocrx_word' id='word_1_42' title='bbox 1631 640 1685 670; x_wconf 92' lang='lat' dir='ltr'>ac</span> <span class='ocrx_word' id='word_1_43' title='bbox 1708 627 1876 671; x_wconf 86' lang='lat' dir='ltr'>funda—</span> 
     </span>
     <span class='ocr_line' id='line_1_8' title="bbox 231 702 1875 764; baseline 0 -16"><span class='ocrx_word' id='word_1_44' title='bbox 231 711 331 749; x_wconf 89' lang='lat' dir='ltr'>tum</span> <span class='ocrx_word' id='word_1_45' title='bbox 348 705 609 763; x_wconf 84' lang='lat' dir='ltr'>collegium:</span> <span class='ocrx_word' id='word_1_46' title='bbox 640 705 647 764; x_wconf 77' lang='grc' dir='ltr'>Ι</span> <span class='ocrx_word' id='word_1_47' title='bbox 674 706 839 749; x_wconf 83' lang='lat' dir='ltr'>docent</span> <span class='ocrx_word' id='word_1_48' title='bbox 856 703 999 747; x_wconf 86' lang='lat' dir='ltr'>nostri</span> <span class='ocrx_word' id='word_1_49' title='bbox 1014 717 1068 747; x_wconf 93' lang='lat' dir='ltr'>ac</span> <span class='ocrx_word' id='word_1_50' title='bbox 1090 702 1435 746; x_wconf 85' lang='lat' dir='ltr'>concionantur.</span> <span class='ocrx_word' id='word_1_51' title='bbox 1457 703 1677 748; x_wconf 90' lang='lat' dir='ltr'>Cataniae</span> <span class='ocrx_word' id='word_1_52' title='bbox 1697 704 1806 749; x_wconf 91' lang='lat' dir='ltr'>item</span> <span class='ocrx_word' id='word_1_53' title='bbox 1827 705 1875 748; x_wconf 92' lang='lat' dir='ltr'>in</span> 
     </span>
     <span class='ocr_line' id='line_1_9' title="bbox 229 780 1875 839; baseline -0.001 -12"><span class='ocrx_word' id='word_1_54' title='bbox 229 782 388 827; x_wconf 82' lang='lat' dir='ltr'>Sicilia</span> <span class='ocrx_word' id='word_1_55' title='bbox 408 782 673 827; x_wconf 88' lang='lat' dir='ltr'>inchoatum</span> <span class='ocrx_word' id='word_1_56' title='bbox 696 781 960 839; x_wconf 82' lang='lat' dir='ltr'>collegium:</span> <span class='ocrx_word' id='word_1_57' title='bbox 980 780 1095 837; x_wconf 90' lang='lat' dir='ltr'>legit</span> <span class='ocrx_word' id='word_1_58' title='bbox 1117 795 1234 824; x_wconf 93' lang='lat' dir='ltr'>vnus</span> <span class='ocrx_word' id='word_1_59' title='bbox 1256 795 1282 824; x_wconf 90' lang='lat' dir='ltr'>e</span> <span class='ocrx_word' id='word_1_60' title='bbox 1298 780 1465 824; x_wconf 90' lang='lat' dir='ltr'>nostris</span> <span class='ocrx_word' id='word_1_61' title='bbox 1482 795 1617 824; x_wconf 89' lang='lat' dir='ltr'>casus</span> <span class='ocrx_word' id='word_1_62' title='bbox 1634 782 1875 828; x_wconf 90' lang='lat' dir='ltr'>conscien-</span> 
     </span>
     <span class='ocr_line' id='line_1_10' title="bbox 232 857 1870 917; baseline -0.001 -13"><span class='ocrx_word' id='word_1_63' title='bbox 232 859 337 904; x_wconf 86' lang='lat' dir='ltr'>tiae.</span> <span class='ocrx_word' id='word_1_64' title='bbox 365 860 675 904; x_wconf 91' lang='lat' dir='ltr'>Concionatur</span> <span class='ocrx_word' id='word_1_65' title='bbox 697 861 852 904; x_wconf 91' lang='lat' dir='ltr'>Canus</span> <span class='ocrx_word' id='word_1_66' title='bbox 874 859 1096 903; x_wconf 92' lang='lat' dir='ltr'>aduersus</span> <span class='ocrx_word' id='word_1_67' title='bbox 1114 857 1407 903; x_wconf 83' lang='lat' dir='ltr'>Societatem:</span> <span class='ocrx_word' id='word_1_68' title='bbox 1435 858 1598 901; x_wconf 90' lang='lat' dir='ltr'>satisfit</span> <span class='ocrx_word' id='word_1_69' title='bbox 1620 859 1761 903; x_wconf 91' lang='lat' dir='ltr'>verbo</span> <span class='ocrx_word' id='word_1_70' title='bbox 1781 861 1870 917; x_wconf 92' lang='lat' dir='ltr'>pri-</span> 
     </span>
     <span class='ocr_line' id='line_1_11' title="bbox 230 935 1876 994; baseline 0 -14"><span class='ocrx_word' id='word_1_71' title='bbox 230 952 307 981; x_wconf 93' lang='lat' dir='ltr'>mo</span> <span class='ocrx_word' id='word_1_72' title='bbox 339 937 589 994; x_wconf 87' lang='lat' dir='ltr'>Hispaniae</span> <span class='ocrx_word' id='word_1_73' title='bbox 618 936 827 994; x_wconf 87' lang='lat' dir='ltr'>praesidi.</span> <span class='ocrx_word' id='word_1_74' title='bbox 870 935 1267 992; x_wconf 89' lang='lat' dir='ltr'>Monteregianum</span> <span class='ocrx_word' id='word_1_75' title='bbox 1297 935 1541 991; x_wconf 86' lang='lat' dir='ltr'>collegium</span> <span class='ocrx_word' id='word_1_76' title='bbox 1574 935 1621 979; x_wconf 92' lang='lat' dir='ltr'>in</span> <span class='ocrx_word' id='word_1_77' title='bbox 1654 936 1876 993; x_wconf 82' lang='lat' dir='ltr'>Hispania</span> 
     </span>
     <span class='ocr_line' id='line_1_12' title="bbox 231 1011 1874 1070; baseline 0 -13"><span class='ocrx_word' id='word_1_78' title='bbox 231 1013 511 1058; x_wconf 91' lang='lat' dir='ltr'>inchoatum.</span> <span class='ocrx_word' id='word_1_79' title='bbox 559 1017 735 1059; x_wconf 88' lang='lat' dir='ltr'>Domus</span> <span class='ocrx_word' id='word_1_80' title='bbox 777 1011 1056 1070; x_wconf 90' lang='lat' dir='ltr'>probationis</span> <span class='ocrx_word' id='word_1_81' title='bbox 1093 1013 1326 1056; x_wconf 89' lang='lat' dir='ltr'>Granatae</span> <span class='ocrx_word' id='word_1_82' title='bbox 1375 1012 1684 1056; x_wconf 90' lang='lat' dir='ltr'>constituitur.</span> <span class='ocrx_word' id='word_1_83' title='bbox 1737 1015 1874 1058; x_wconf 89' lang='lat' dir='ltr'>Creat</span> 
     </span>
     <span class='ocr_line' id='line_1_13' title="bbox 233 1089 1874 1149; baseline 0 -14"><span class='ocrx_word' id='word_1_84' title='bbox 233 1093 286 1135; x_wconf 92' lang='lat' dir='ltr'>P.</span> <span class='ocrx_word' id='word_1_85' title='bbox 312 1092 348 1135; x_wconf 95' lang='lat' dir='ltr'><strong>F</strong></span> <span class='ocrx_word' id='word_1_86' title='bbox 351 1091 583 1136; x_wconf 89' lang='lat' dir='ltr'>ranciscus</span> <span class='ocrx_word' id='word_1_87' title='bbox 606 1093 860 1149; x_wconf 87' lang='lat' dir='ltr'>professum</span> <span class='ocrx_word' id='word_1_88' title='bbox 883 1092 930 1135; x_wconf 95' lang='lat' dir='ltr'><strong>M</strong></span> <span class='ocrx_word' id='word_1_89' title='bbox 938 1089 1222 1146; x_wconf 78' lang='lat' dir='ltr'>‚Baptistam</span> <span class='ocrx_word' id='word_1_90' title='bbox 1245 1091 1557 1142; x_wconf 89' lang='lat' dir='ltr'>Barmensem,</span> <span class='ocrx_word' id='word_1_91' title='bbox 1579 1105 1719 1133; x_wconf 91' lang='lat' dir='ltr'>vnum</span> <span class='ocrx_word' id='word_1_92' title='bbox 1742 1106 1874 1147; x_wconf 87' lang='lat' dir='ltr'>prae-</span> 
     </span>
     <span class='ocr_line' id='line_1_14' title="bbox 233 1168 1874 1225; baseline -0.001 -13"><span class='ocrx_word' id='word_1_93' title='bbox 233 1176 358 1215; x_wconf 89' lang='lat' dir='ltr'>terea</span> <span class='ocrx_word' id='word_1_94' title='bbox 380 1169 695 1214; x_wconf 89' lang='lat' dir='ltr'>coadiutorem</span> <span class='ocrx_word' id='word_1_95' title='bbox 718 1168 998 1225; x_wconf 87' lang='lat' dir='ltr'>spiritualem</span> <span class='ocrx_word' id='word_1_96' title='bbox 1021 1182 1075 1211; x_wconf 92' lang='lat' dir='ltr'>ac</span> <span class='ocrx_word' id='word_1_97' title='bbox 1096 1182 1238 1211; x_wconf 90' lang='lat' dir='ltr'>vnum</span> <span class='ocrx_word' id='word_1_98' title='bbox 1261 1168 1570 1224; x_wconf 90' lang='lat' dir='ltr'>temporalem.</span> <span class='ocrx_word' id='word_1_99' title='bbox 1604 1168 1806 1225; x_wconf 89' lang='lat' dir='ltr'>Nauigat</span> <span class='ocrx_word' id='word_1_100' title='bbox 1829 1169 1874 1212; x_wconf 89' lang='lat' dir='ltr'>in</span> 
     </span>
     <span class='ocr_line' id='line_1_15' title="bbox 232 1244 1872 1304; baseline 0 -14"><span class='ocrx_word' id='word_1_101' title='bbox 232 1247 408 1291; x_wconf 75' lang='lat' dir='ltr'>indiam</span> <span class='ocrx_word' id='word_1_102' title='bbox 436 1246 693 1304; x_wconf 89' lang='lat' dir='ltr'>patriarcha</span> <span class='ocrx_word' id='word_1_103' title='bbox 730 1245 981 1303; x_wconf 89' lang='lat' dir='ltr'>Ethyopiae</span> <span class='ocrx_word' id='word_1_104' title='bbox 995 1281 1004 1299; x_wconf 91' lang='lat'><strong>‚</strong></span> <span class='ocrx_word' id='word_1_105' title='bbox 1035 1252 1081 1290; x_wconf 92' lang='lat' dir='ltr'>et</span> <span class='ocrx_word' id='word_1_106' title='bbox 1118 1244 1360 1302; x_wconf 90' lang='lat' dir='ltr'>episcopus</span> <span class='ocrx_word' id='word_1_107' title='bbox 1397 1246 1608 1289; x_wconf 88' lang='lat' dir='ltr'>Ouedius</span> <span class='ocrx_word' id='word_1_108' title='bbox 1645 1246 1735 1290; x_wconf 74' lang='lat'>40</span> <span class='ocrx_word' id='word_1_109' title='bbox 1768 1261 1872 1290; x_wconf 92' lang='lat' dir='ltr'>cum</span> 
     </span>
     <span class='ocr_line' id='line_1_16' title="bbox 233 1321 1873 1380; baseline -0.001 -12"><span class='ocrx_word' id='word_1_110' title='bbox 233 1325 500 1380; x_wconf 77' lang='lat' dir='ltr'>P.Goncalo</span> <span class='ocrx_word' id='word_1_111' title='bbox 521 1332 567 1370; x_wconf 88' lang='lat' dir='ltr'>et</span> <span class='ocrx_word' id='word_1_112' title='bbox 585 1326 637 1368; x_wconf 92' lang='lat' dir='ltr'>P.</span> <span class='ocrx_word' id='word_1_113' title='bbox 659 1323 902 1368; x_wconf 88' lang='lat' dir='ltr'>Francisco</span> <span class='ocrx_word' id='word_1_114' title='bbox 920 1323 1153 1375; x_wconf 90' lang='lat' dir='ltr'>Enrichio‚</span> <span class='ocrx_word' id='word_1_115' title='bbox 1173 1329 1261 1367; x_wconf 91' lang='lat' dir='ltr'>etc.</span> <span class='ocrx_word' id='word_1_116' title='bbox 1284 1321 1447 1367; x_wconf 86' lang='lat' dir='ltr'>Libere</span> <span class='ocrx_word' id='word_1_117' title='bbox 1465 1331 1638 1367; x_wconf 82' lang='lat' dir='ltr'>vouent</span> <span class='ocrx_word' id='word_1_118' title='bbox 1654 1324 1848 1369; x_wconf 91' lang='lat' dir='ltr'>obedien</span> <span class='ocrx_word' id='word_1_119' title='bbox 1864 1351 1873 1355; x_wconf 91' lang='lat'><em>-</em></span> 
     </span>
     <span class='ocr_line' id='line_1_17' title="bbox 230 1400 1873 1458; baseline 0.001 -14"><span class='ocrx_word' id='word_1_120' title='bbox 230 1401 340 1445; x_wconf 90' lang='lat' dir='ltr'>tiam</span> <span class='ocrx_word' id='word_1_121' title='bbox 362 1401 579 1448; x_wconf 88' lang='lat' dir='ltr'>Societati</span> <span class='ocrx_word' id='word_1_122' title='bbox 601 1415 630 1456; x_wconf 90' lang='lat'><strong>4</strong></span> <span class='ocrx_word' id='word_1_123' title='bbox 652 1401 895 1458; x_wconf 89' lang='lat' dir='ltr'>principes,</span> <span class='ocrx_word' id='word_1_124' title='bbox 923 1414 947 1456; x_wconf 90' lang='lat'>3</span> <span class='ocrx_word' id='word_1_125' title='bbox 975 1401 1221 1453; x_wconf 82' lang='lat' dir='ltr'>seculareS‚</span> <span class='ocrx_word' id='word_1_126' title='bbox 1246 1411 1342 1455; x_wconf 76' lang='lat' dir='ltr'>4,us</span> <span class='ocrx_word' id='word_1_127' title='bbox 1370 1400 1723 1453; x_wconf 82' lang='lat' dir='ltr'>ecclesiasticus,</span> <span class='ocrx_word' id='word_1_128' title='bbox 1750 1403 1873 1458; x_wconf 91' lang='lat' dir='ltr'>quod</span> 
     </span>
     <span class='ocr_line' id='line_1_18' title="bbox 229 1476 1874 1534; baseline 0.001 -13"><span class='ocrx_word' id='word_1_129' title='bbox 229 1479 394 1522; x_wconf 89' lang='lat' dir='ltr'>volunt</span> <span class='ocrx_word' id='word_1_130' title='bbox 425 1493 527 1524; x_wconf 90' lang='lat' dir='ltr'>esse</span> <span class='ocrx_word' id='word_1_131' title='bbox 557 1486 800 1523; x_wconf 90' lang='lat' dir='ltr'>secretum.</span> <span class='ocrx_word' id='word_1_132' title='bbox 843 1479 1107 1534; x_wconf 90' lang='lat' dir='ltr'>Coeperunt</span> <span class='ocrx_word' id='word_1_133' title='bbox 1143 1476 1318 1521; x_wconf 90' lang='lat' dir='ltr'>cantari</span> <span class='ocrx_word' id='word_1_134' title='bbox 1349 1492 1568 1533; x_wconf 87' lang='lat' dir='ltr'>vesperae</span> <span class='ocrx_word' id='word_1_135' title='bbox 1600 1478 1647 1521; x_wconf 88' lang='lat' dir='ltr'>in</span> <span class='ocrx_word' id='word_1_136' title='bbox 1679 1478 1874 1524; x_wconf 89' lang='lat' dir='ltr'>ecclesia</span> 
     </span>
     <span class='ocr_line' id='line_1_19' title="bbox 228 1554 1874 1612; baseline 0.001 -13"><span class='ocrx_word' id='word_1_137' title='bbox 228 1556 392 1599; x_wconf 90' lang='lat' dir='ltr'>domus</span> <span class='ocrx_word' id='word_1_138' title='bbox 413 1571 626 1601; x_wconf 91' lang='lat' dir='ltr'>romanae</span> <span class='ocrx_word' id='word_1_139' title='bbox 648 1555 956 1600; x_wconf 90' lang='lat' dir='ltr'>modulatione</span> <span class='ocrx_word' id='word_1_140' title='bbox 979 1569 1007 1609; x_wconf 99' lang='lat'>4</span> <span class='ocrx_word' id='word_1_141' title='bbox 1028 1569 1210 1598; x_wconf 91' lang='lat' dir='ltr'>vocum.</span> <span class='ocrx_word' id='word_1_142' title='bbox 1236 1554 1406 1612; x_wconf 89' lang='lat' dir='ltr'>Migrat</span> <span class='ocrx_word' id='word_1_143' title='bbox 1429 1555 1486 1598; x_wconf 92' lang='lat' dir='ltr'>ad</span> <span class='ocrx_word' id='word_1_144' title='bbox 1509 1555 1756 1599; x_wconf 89' lang='lat' dir='ltr'>Dominum</span> <span class='ocrx_word' id='word_1_145' title='bbox 1782 1558 1874 1600; x_wconf 92' lang='lat' dir='ltr'>Pa-</span> 
     </span>
     <span class='ocr_line' id='line_1_20' title="bbox 227 1631 1873 1690; baseline 0.001 -14"><span class='ocrx_word' id='word_1_146' title='bbox 227 1639 299 1676; x_wconf 89' lang='lat' dir='ltr'>ter</span> <span class='ocrx_word' id='word_1_147' title='bbox 319 1640 473 1678; x_wconf 89' lang='lat' dir='ltr'>noster</span> <span class='ocrx_word' id='word_1_148' title='bbox 495 1633 702 1690; x_wconf 89' lang='lat' dir='ltr'>Ignatius</span> <span class='ocrx_word' id='word_1_149' title='bbox 723 1633 883 1676; x_wconf 90' lang='lat' dir='ltr'>vltimo</span> <span class='ocrx_word' id='word_1_150' title='bbox 904 1633 978 1676; x_wconf 92' lang='lat' dir='ltr'>die</span> <span class='ocrx_word' id='word_1_151' title='bbox 1001 1632 1117 1685; x_wconf 85' lang='lat' dir='ltr'>Iulii,</span> <span class='ocrx_word' id='word_1_152' title='bbox 1148 1639 1255 1689; x_wconf 90' lang='lat' dir='ltr'>post</span> <span class='ocrx_word' id='word_1_153' title='bbox 1282 1631 1416 1676; x_wconf 92' lang='lat' dir='ltr'>cuius</span> <span class='ocrx_word' id='word_1_154' title='bbox 1444 1632 1621 1676; x_wconf 92' lang='lat' dir='ltr'>obitum</span> <span class='ocrx_word' id='word_1_155' title='bbox 1651 1634 1873 1678; x_wconf 88' lang='lat' dir='ltr'>obserua-</span> 
     </span>
     <span class='ocr_line' id='line_1_21' title="bbox 229 1709 1875 1767; baseline 0.001 -14"><span class='ocrx_word' id='word_1_156' title='bbox 229 1717 327 1754; x_wconf 87' lang='lat' dir='ltr'>tum</span> <span class='ocrx_word' id='word_1_157' title='bbox 349 1718 419 1755; x_wconf 90' lang='lat' dir='ltr'>est</span> <span class='ocrx_word' id='word_1_158' title='bbox 434 1711 714 1755; x_wconf 91' lang='lat' dir='ltr'>alacritatem</span> <span class='ocrx_word' id='word_1_159' title='bbox 736 1710 923 1767; x_wconf 92' lang='lat' dir='ltr'>spiritus</span> <span class='ocrx_word' id='word_1_160' title='bbox 944 1725 1044 1755; x_wconf 74' lang='lat' dir='ltr'>esse</span> <span class='ocrx_word' id='word_1_161' title='bbox 1067 1710 1114 1754; x_wconf 90' lang='lat' dir='ltr'>in</span> <span class='ocrx_word' id='word_1_162' title='bbox 1136 1709 1348 1754; x_wconf 89' lang='lat' dir='ltr'>omnibus</span> <span class='ocrx_word' id='word_1_163' title='bbox 1365 1710 1534 1754; x_wconf 92' lang='lat' dir='ltr'>nostris</span> <span class='ocrx_word' id='word_1_164' title='bbox 1556 1711 1725 1767; x_wconf 91' lang='lat' dir='ltr'>passim</span> <span class='ocrx_word' id='word_1_165' title='bbox 1748 1711 1875 1756; x_wconf 88' lang='lat' dir='ltr'>exci-</span> 
     </span>
     <span class='ocr_line' id='line_1_22' title="bbox 231 1787 1873 1845; baseline 0 -13"><span class='ocrx_word' id='word_1_166' title='bbox 231 1790 372 1832; x_wconf 87' lang='lat' dir='ltr'>tatam</span> <span class='ocrx_word' id='word_1_167' title='bbox 400 1795 503 1845; x_wconf 93' lang='lat' dir='ltr'>post</span> <span class='ocrx_word' id='word_1_168' title='bbox 530 1789 766 1845; x_wconf 91' lang='lat' dir='ltr'>paululum</span> <span class='ocrx_word' id='word_1_169' title='bbox 794 1787 996 1845; x_wconf 82' lang='lat' dir='ltr'>stuporis</span> <span class='ocrx_word' id='word_1_170' title='bbox 1033 1787 1269 1831; x_wconf 91' lang='lat' dir='ltr'>cuiusdam</span> <span class='ocrx_word' id='word_1_171' title='bbox 1298 1802 1352 1831; x_wconf 91' lang='lat' dir='ltr'>ac</span> <span class='ocrx_word' id='word_1_172' title='bbox 1389 1787 1564 1831; x_wconf 91' lang='lat' dir='ltr'>doloris</span> <span class='ocrx_word' id='word_1_173' title='bbox 1595 1789 1653 1832; x_wconf 92' lang='lat' dir='ltr'>ad</span> <span class='ocrx_word' id='word_1_174' title='bbox 1676 1788 1873 1845; x_wconf 90' lang='lat' dir='ltr'>primum</span> 
     </span>
     <span class='ocr_line' id='line_1_23' title="bbox 231 1863 1875 1924; baseline 0.001 -16"><span class='ocrx_word' id='word_1_175' title='bbox 231 1864 459 1909; x_wconf 89' lang='lat' dir='ltr'>nuntium.</span> <span class='ocrx_word' id='word_1_176' title='bbox 491 1864 498 1924; x_wconf 89' lang='grc' dir='ltr'>Ι</span> <span class='ocrx_word' id='word_1_177' title='bbox 526 1866 719 1910; x_wconf 86' lang='lat' dir='ltr'>Creatur</span> <span class='ocrx_word' id='word_1_178' title='bbox 739 1864 939 1909; x_wconf 89' lang='lat' dir='ltr'>vicarius</span> <span class='ocrx_word' id='word_1_179' title='bbox 967 1863 1195 1921; x_wconf 87' lang='lat' dir='ltr'>generalis</span> <span class='ocrx_word' id='word_1_180' title='bbox 1225 1863 1468 1909; x_wconf 89' lang='lat' dir='ltr'>Societatis</span> <span class='ocrx_word' id='word_1_181' title='bbox 1493 1867 1544 1909; x_wconf 90' lang='lat' dir='ltr'>P.</span> <span class='ocrx_word' id='word_1_182' title='bbox 1573 1867 1753 1923; x_wconf 90' lang='lat' dir='ltr'>Laynes</span> <span class='ocrx_word' id='word_1_183' title='bbox 1774 1867 1875 1910; x_wconf 85' lang='lat' dir='ltr'>suf-</span> 
     </span>
     <span class='ocr_line' id='line_1_24' title="bbox 232 1940 1872 1999; baseline 0.001 -14"><span class='ocrx_word' id='word_1_184' title='bbox 232 1941 392 1999; x_wconf 87' lang='lat' dir='ltr'>fragijs</span> <span class='ocrx_word' id='word_1_185' title='bbox 414 1944 477 1987; x_wconf 92' lang='lat' dir='ltr'>M.</span> <span class='ocrx_word' id='word_1_186' title='bbox 505 1943 708 1995; x_wconf 89' lang='lat' dir='ltr'>Polanci,</span> <span class='ocrx_word' id='word_1_187' title='bbox 734 1944 793 1986; x_wconf 89' lang='lat' dir='ltr'>D.</span> <span class='ocrx_word' id='word_1_188' title='bbox 816 1941 987 1995; x_wconf 89' lang='lat' dir='ltr'>Ollaui‚</span> <span class='ocrx_word' id='word_1_189' title='bbox 1010 1944 1072 1986; x_wconf 90' lang='lat' dir='ltr'>M.</span> <span class='ocrx_word' id='word_1_190' title='bbox 1093 1943 1129 1986; x_wconf 93' lang='lat' dir='ltr'>F</span> <span class='ocrx_word' id='word_1_191' title='bbox 1132 1940 1240 1998; x_wconf 87' lang='lat' dir='ltr'>rusij</span> <span class='ocrx_word' id='word_1_192' title='bbox 1265 1955 1319 1986; x_wconf 92' lang='lat' dir='ltr'>ac</span> <span class='ocrx_word' id='word_1_193' title='bbox 1337 1943 1390 1985; x_wconf 90' lang='lat' dir='ltr'>P.</span> <span class='ocrx_word' id='word_1_194' title='bbox 1413 1942 1583 1999; x_wconf 90' lang='lat' dir='ltr'>Pontij‚</span> <span class='ocrx_word' id='word_1_195' title='bbox 1604 1943 1780 1988; x_wconf 88' lang='lat' dir='ltr'>etiamsi</span> <span class='ocrx_word' id='word_1_196' title='bbox 1798 1943 1872 1987; x_wconf 89' lang='lat' dir='ltr'>hic</span> 
     </span>
    </p>
   </div>
   <div class='ocr_carea' id='block_1_4' title="bbox 213 2005 1871 2077">
    <p class='ocr_par' dir='ltr' id='par_1_4' title="bbox 213 2005 1871 2077">
     <span class='ocr_line' id='line_1_25' title="bbox 213 2005 1871 2077; baseline 0.002 -15"><span class='ocrx_word' id='word_1_197' title='bbox 213 2005 321 2063; x_wconf 48' lang='lat' dir='ltr'>&#39;non</span> <span class='ocrx_word' id='word_1_198' title='bbox 344 2019 403 2063; x_wconf 86' lang='lat' dir='ltr'>sit</span> <span class='ocrx_word' id='word_1_199' title='bbox 424 2020 656 2077; x_wconf 89' lang='lat' dir='ltr'>professus</span> <span class='ocrx_word' id='word_1_200' title='bbox 678 2033 706 2074; x_wconf 87' lang='lat'>4</span> <span class='ocrx_word' id='word_1_201' title='bbox 722 2026 950 2072; x_wconf 88' lang='lat' dir='ltr'>votorum,</span> <span class='ocrx_word' id='word_1_202' title='bbox 975 2019 1056 2064; x_wconf 91' lang='lat' dir='ltr'>sed</span> <span class='ocrx_word' id='word_1_203' title='bbox 1078 2018 1214 2062; x_wconf 91' lang='lat' dir='ltr'>trium</span> <span class='ocrx_word' id='word_1_204' title='bbox 1237 2025 1431 2063; x_wconf 90' lang='lat' dir='ltr'>tantum.</span> <span class='ocrx_word' id='word_1_205' title='bbox 1454 2021 1516 2064; x_wconf 95' lang='lat' dir='ltr'><strong>M.</strong></span> <span class='ocrx_word' id='word_1_206' title='bbox 1540 2020 1775 2065; x_wconf 89' lang='lat' dir='ltr'>Bobadilla</span> <span class='ocrx_word' id='word_1_207' title='bbox 1792 2036 1871 2066; x_wconf 88' lang='lat' dir='ltr'>ae-</span> 
     </span>
    </p>
   </div>
   <div class='ocr_carea' id='block_1_5' title="bbox 227 2096 1868 2232">
    <p class='ocr_par' dir='ltr' id='par_1_5' title="bbox 227 2096 1868 2232">
     <span class='ocr_line' id='line_1_26' title="bbox 227 2096 1868 2155; baseline 0.001 -14"><span class='ocrx_word' id='word_1_208' title='bbox 227 2104 417 2155; x_wconf 88' lang='lat' dir='ltr'>grotans</span> <span class='ocrx_word' id='word_1_209' title='bbox 439 2097 625 2154; x_wconf 92' lang='lat' dir='ltr'>Tybure</span> <span class='ocrx_word' id='word_1_210' title='bbox 645 2096 825 2154; x_wconf 90' lang='lat' dir='ltr'>scripsit</span> <span class='ocrx_word' id='word_1_211' title='bbox 845 2111 897 2142; x_wconf 92' lang='lat' dir='ltr'>se</span> <span class='ocrx_word' id='word_1_212' title='bbox 918 2097 1123 2140; x_wconf 85' lang='lat' dir='ltr'>futurum</span> <span class='ocrx_word' id='word_1_213' title='bbox 1151 2096 1198 2140; x_wconf 91' lang='lat' dir='ltr'>in</span> <span class='ocrx_word' id='word_1_214' title='bbox 1219 2098 1382 2141; x_wconf 92' lang='lat' dir='ltr'>horum</span> <span class='ocrx_word' id='word_1_215' title='bbox 1411 2097 1653 2142; x_wconf 88' lang='lat' dir='ltr'>sententia.</span> <span class='ocrx_word' id='word_1_216' title='bbox 1691 2110 1742 2153; x_wconf 93' lang='lat'>17</span> <span class='ocrx_word' id='word_1_217' title='bbox 1764 2099 1868 2142; x_wconf 90' lang='lat' dir='ltr'>Au-</span> 
     </span>
     <span class='ocr_line' id='line_1_27' title="bbox 227 2173 1866 2232; baseline 0.001 -14"><span class='ocrx_word' id='word_1_218' title='bbox 227 2173 354 2232; x_wconf 88' lang='lat' dir='ltr'>gusti</span> <span class='ocrx_word' id='word_1_219' title='bbox 384 2177 437 2219; x_wconf 91' lang='lat' dir='ltr'><strong>P.</strong></span> <span class='ocrx_word' id='word_1_220' title='bbox 468 2173 698 2232; x_wconf 90' lang='lat' dir='ltr'>Ignatium</span> <span class='ocrx_word' id='word_1_221' title='bbox 726 2181 913 2219; x_wconf 90' lang='lat' dir='ltr'>secutus</span> <span class='ocrx_word' id='word_1_222' title='bbox 940 2181 1011 2218; x_wconf 89' lang='lat' dir='ltr'>est</span> <span class='ocrx_word' id='word_1_223' title='bbox 1031 2175 1089 2218; x_wconf 96' lang='lat' dir='ltr'><strong>D.</strong></span> <span class='ocrx_word' id='word_1_224' title='bbox 1123 2173 1350 2219; x_wconf 90' lang='lat' dir='ltr'>Ollauius.</span> <span class='ocrx_word' id='word_1_225' title='bbox 1384 2175 1680 2219; x_wconf 91' lang='lat' dir='ltr'>Conuocatur</span> <span class='ocrx_word' id='word_1_226' title='bbox 1708 2176 1736 2219; x_wconf 93' lang='lat'>6</span> <span class='ocrx_word' id='word_1_227' title='bbox 1763 2177 1866 2220; x_wconf 91' lang='lat' dir='ltr'>Au·</span> 
     </span>
    </p>
   </div>
   <div class='ocr_carea' id='block_1_6' title="bbox 167 2250 1867 2309">
    <p class='ocr_par' dir='ltr' id='par_1_6' title="bbox 167 2250 1867 2309">
     <span class='ocr_line' id='line_1_28' title="bbox 167 2250 1867 2309; baseline 0.001 -13"><span class='ocrx_word' id='word_1_228' title='bbox 167 2259 175 2269; x_wconf 81' lang='lat'>⁸</span> <span class='ocrx_word' id='word_1_229' title='bbox 226 2251 353 2309; x_wconf 88' lang='lat' dir='ltr'>gusti</span> <span class='ocrx_word' id='word_1_230' title='bbox 373 2251 579 2297; x_wconf 89' lang='lat' dir='ltr'>Societas</span> <span class='ocrx_word' id='word_1_231' title='bbox 595 2252 653 2295; x_wconf 91' lang='lat' dir='ltr'>ad</span> <span class='ocrx_word' id='word_1_232' title='bbox 674 2258 955 2296; x_wconf 92' lang='lat' dir='ltr'>conuentum</span> <span class='ocrx_word' id='word_1_233' title='bbox 978 2251 1240 2308; x_wconf 87' lang='lat' dir='ltr'>generalem</span> <span class='ocrx_word' id='word_1_234' title='bbox 1262 2250 1389 2295; x_wconf 85' lang='lat' dir='ltr'>iuxta</span> <span class='ocrx_word' id='word_1_235' title='bbox 1410 2251 1767 2297; x_wconf 87' lang='lat' dir='ltr'>constitutiones</span> <span class='ocrx_word' id='word_1_236' title='bbox 1788 2267 1867 2298; x_wconf 89' lang='lat' dir='ltr'>ce-</span> 
     </span>
    </p>
   </div>
   <div class='ocr_carea' id='block_1_7' title="bbox 223 2328 1891 3157">
    <p class='ocr_par' dir='ltr' id='par_1_7' title="bbox 223 2328 1891 3157">
     <span class='ocr_line' id='line_1_29' title="bbox 226 2328 1862 2386; baseline 0.001 -15"><span class='ocrx_word' id='word_1_237' title='bbox 226 2328 512 2383; x_wconf 87' lang='lat' dir='ltr'>lebrandum,</span> <span class='ocrx_word' id='word_1_238' title='bbox 537 2335 584 2374; x_wconf 89' lang='lat' dir='ltr'>et</span> <span class='ocrx_word' id='word_1_239' title='bbox 604 2328 749 2386; x_wconf 89' lang='lat' dir='ltr'>primo</span> <span class='ocrx_word' id='word_1_240' title='bbox 772 2328 955 2385; x_wconf 86' lang='lat' dir='ltr'>quoque</span> <span class='ocrx_word' id='word_1_241' title='bbox 983 2336 1187 2386; x_wconf 91' lang='lat' dir='ltr'>tempore</span> <span class='ocrx_word' id='word_1_242' title='bbox 1208 2343 1366 2372; x_wconf 90' lang='lat' dir='ltr'>omnes</span> <span class='ocrx_word' id='word_1_243' title='bbox 1397 2328 1483 2372; x_wconf 88' lang='lat' dir='ltr'>iter</span> <span class='ocrx_word' id='word_1_244' title='bbox 1510 2329 1862 2386; x_wconf 88' lang='lat' dir='ltr'>aggrediuntur,</span> 
     </span>
     <span class='ocr_line' id='line_1_30' title="bbox 229 2404 1891 2470; baseline 0 -21"><span class='ocrx_word' id='word_1_245' title='bbox 229 2405 302 2449; x_wconf 75' lang='lat'>41</span> <span class='ocrx_word' id='word_1_246' title='bbox 332 2412 378 2451; x_wconf 91' lang='lat' dir='ltr'>et</span> <span class='ocrx_word' id='word_1_247' title='bbox 404 2407 594 2451; x_wconf 90' lang='lat' dir='ltr'>Romam</span> <span class='ocrx_word' id='word_1_248' title='bbox 628 2405 814 2451; x_wconf 91' lang='lat' dir='ltr'>venient</span> <span class='ocrx_word' id='word_1_249' title='bbox 841 2405 1040 2462; x_wconf 89' lang='lat' dir='ltr'>acceptis</span> <span class='ocrx_word' id='word_1_250' title='bbox 1077 2405 1149 2450; x_wconf 93' lang='lat' dir='ltr'>his</span> <span class='ocrx_word' id='word_1_251' title='bbox 1191 2404 1350 2450; x_wconf 90' lang='lat' dir='ltr'>literis.</span> <span class='ocrx_word' id='word_1_252' title='bbox 1386 2406 1555 2450; x_wconf 89' lang='lat' dir='ltr'>Euenit</span> <span class='ocrx_word' id='word_1_253' title='bbox 1581 2413 1633 2450; x_wconf 94' lang='lat' dir='ltr'>ut</span> <span class='ocrx_word' id='word_1_254' title='bbox 1655 2420 1680 2462; x_wconf 90' lang='lat'>3</span> <span class='ocrx_word' id='word_1_255' title='bbox 1713 2415 1891 2470; x_wconf 28' lang='lat' dir='ltr'>essent-</span> 
     </span>
     <span class='ocr_line' id='line_1_31' title="bbox 230 2482 1865 2540; baseline 0.001 -14"><span class='ocrx_word' id='word_1_256' title='bbox 230 2482 482 2528; x_wconf 81' lang='lat' dir='ltr'>Vallisoleti</span> <span class='ocrx_word' id='word_1_257' title='bbox 500 2483 558 2527; x_wconf 69' lang='lat' dir='ltr'>&#39;in</span> <span class='ocrx_word' id='word_1_258' title='bbox 586 2482 808 2540; x_wconf 91' lang='lat' dir='ltr'>Hispania</span> <span class='ocrx_word' id='word_1_259' title='bbox 841 2482 1160 2540; x_wconf 89' lang='lat' dir='ltr'>prouinciales‚</span> <span class='ocrx_word' id='word_1_260' title='bbox 1193 2485 1247 2526; x_wconf 94' lang='grc' dir='ltr'>Ρ.</span> <span class='ocrx_word' id='word_1_261' title='bbox 1279 2484 1448 2538; x_wconf 90' lang='lat' dir='ltr'>Araoz,</span> <span class='ocrx_word' id='word_1_262' title='bbox 1481 2485 1535 2527; x_wconf 93' lang='grc' dir='ltr'>Ρ.</span> <span class='ocrx_word' id='word_1_263' title='bbox 1573 2483 1783 2529; x_wconf 91' lang='lat' dir='ltr'>Stradius</span> <span class='ocrx_word' id='word_1_264' title='bbox 1811 2499 1865 2527; x_wconf 90' lang='lat' dir='ltr'>ac</span> 
     </span>
     <span class='ocr_line' id='line_1_32' title="bbox 231 2559 1864 2618; baseline 0.001 -15"><span class='ocrx_word' id='word_1_265' title='bbox 231 2561 284 2603; x_wconf 93' lang='lat' dir='ltr'><strong>P.</strong></span> <span class='ocrx_word' id='word_1_266' title='bbox 317 2559 676 2604; x_wconf 82' lang='lat' dir='ltr'>Bustamantius:</span> <span class='ocrx_word' id='word_1_267' title='bbox 711 2567 946 2617; x_wconf 89' lang='lat' dir='ltr'>praeterea</span> <span class='ocrx_word' id='word_1_268' title='bbox 968 2562 1022 2604; x_wconf 90' lang='lat' dir='ltr'><strong>P.</strong></span> <span class='ocrx_word' id='word_1_269' title='bbox 1052 2561 1089 2604; x_wconf 93' lang='lat' dir='ltr'>F</span> <span class='ocrx_word' id='word_1_270' title='bbox 1091 2559 1326 2604; x_wconf 91' lang='lat' dir='ltr'>ranciscus</span> <span class='ocrx_word' id='word_1_271' title='bbox 1352 2567 1400 2605; x_wconf 92' lang='lat' dir='ltr'>et</span> <span class='ocrx_word' id='word_1_272' title='bbox 1422 2562 1476 2604; x_wconf 91' lang='lat' dir='ltr'><strong>P.</strong></span> <span class='ocrx_word' id='word_1_273' title='bbox 1508 2559 1712 2605; x_wconf 77' lang='lat' dir='ltr'>Natalisz-</span> <span class='ocrx_word' id='word_1_274' title='bbox 1731 2576 1864 2618; x_wconf 90' lang='lat' dir='ltr'>para-</span> 
     </span>
     <span class='ocr_line' id='line_1_33' title="bbox 226 2636 1862 2693; baseline 0.002 -14"><span class='ocrx_word' id='word_1_275' title='bbox 226 2637 338 2680; x_wconf 92' lang='lat' dir='ltr'>bant</span> <span class='ocrx_word' id='word_1_276' title='bbox 354 2679 356 2682; x_wconf 76' lang='grc'>,</span> <span class='ocrx_word' id='word_1_277' title='bbox 373 2651 423 2680; x_wconf 87' lang='lat' dir='ltr'>se</span> <span class='ocrx_word' id='word_1_278' title='bbox 457 2636 607 2691; x_wconf 82' lang='lat' dir='ltr'>itineri</span> <span class='ocrx_word' id='word_1_279' title='bbox 641 2637 819 2693; x_wconf 90' lang='lat' dir='ltr'>reliqui.</span> <span class='ocrx_word' id='word_1_280' title='bbox 858 2639 910 2681; x_wconf 90' lang='grc' dir='ltr'>Ρ.</span> <span class='ocrx_word' id='word_1_281' title='bbox 942 2637 1237 2681; x_wconf 90' lang='lat' dir='ltr'>Franciscum</span> <span class='ocrx_word' id='word_1_282' title='bbox 1265 2644 1545 2683; x_wconf 90' lang='lat' dir='ltr'>censuerunt</span> <span class='ocrx_word' id='word_1_283' title='bbox 1578 2637 1742 2683; x_wconf 89' lang='lat' dir='ltr'>medici</span> <span class='ocrx_word' id='word_1_284' title='bbox 1771 2646 1862 2682; x_wconf 87' lang='lat' dir='ltr'>tarn</span> 
     </span>
     <span class='ocr_line' id='line_1_34' title="bbox 226 2713 1864 2771; baseline 0.002 -14"><span class='ocrx_word' id='word_1_285' title='bbox 226 2714 418 2770; x_wconf 89' lang='lat' dir='ltr'>longum</span> <span class='ocrx_word' id='word_1_286' title='bbox 444 2713 531 2757; x_wconf 90' lang='lat' dir='ltr'>iter</span> <span class='ocrx_word' id='word_1_287' title='bbox 556 2728 650 2757; x_wconf 91' lang='lat' dir='ltr'>non</span> <span class='ocrx_word' id='word_1_288' title='bbox 676 2729 813 2771; x_wconf 89' lang='lat' dir='ltr'>posse</span> <span class='ocrx_word' id='word_1_289' title='bbox 839 2715 1064 2758; x_wconf 90' lang='lat' dir='ltr'>conficere</span> <span class='ocrx_word' id='word_1_290' title='bbox 1093 2715 1266 2770; x_wconf 91' lang='lat' dir='ltr'>absque</span> <span class='ocrx_word' id='word_1_291' title='bbox 1293 2714 1465 2758; x_wconf 76' lang='lat' dir='ltr'>salutis‘</span> <span class='ocrx_word' id='word_1_292' title='bbox 1487 2714 1776 2759; x_wconf 89' lang='lat' dir='ltr'>detrimento:</span> <span class='ocrx_word' id='word_1_293' title='bbox 1806 2731 1864 2760; x_wconf 86' lang='lat' dir='ltr'>ex</span> 
     </span>
     <span class='ocr_line' id='line_1_35' title="bbox 225 2789 1863 2848; baseline 0.001 -13"><span class='ocrx_word' id='word_1_294' title='bbox 225 2789 509 2848; x_wconf 89' lang='lat' dir='ltr'>Portugallia</span> <span class='ocrx_word' id='word_1_295' title='bbox 541 2792 701 2836; x_wconf 88' lang='lat' dir='ltr'>Patres</span> <span class='ocrx_word' id='word_1_296' title='bbox 733 2791 817 2835; x_wconf 92' lang='lat' dir='ltr'>iter</span> <span class='ocrx_word' id='word_1_297' title='bbox 847 2791 983 2835; x_wconf 89' lang='lat' dir='ltr'>etiam</span> <span class='ocrx_word' id='word_1_298' title='bbox 1015 2798 1123 2835; x_wconf 89' lang='lat' dir='ltr'>sunt</span> <span class='ocrx_word' id='word_1_299' title='bbox 1154 2790 1371 2848; x_wconf 88' lang='lat' dir='ltr'>ingressi.</span> <span class='ocrx_word' id='word_1_300' title='bbox 1406 2791 1610 2847; x_wconf 88' lang='lat' dir='ltr'>Reliquis</span> <span class='ocrx_word' id='word_1_301' title='bbox 1649 2791 1863 2836; x_wconf 89' lang='lat' dir='ltr'>Patribus</span> 
     </span>
     <span class='ocr_line' id='line_1_36' title="bbox 223 2867 1851 2927; baseline 0.001 -15"><span class='ocrx_word' id='word_1_302' title='bbox 223 2867 472 2924; x_wconf 92' lang='lat' dir='ltr'>Hispaniae</span> <span class='ocrx_word' id='word_1_303' title='bbox 493 2867 674 2924; x_wconf 79' lang='lat' dir='ltr'>seripsit</span> <span class='ocrx_word' id='word_1_304' title='bbox 695 2870 749 2912; x_wconf 90' lang='lat' dir='ltr'>P.</span> <span class='ocrx_word' id='word_1_305' title='bbox 774 2869 812 2912; x_wconf 94' lang='lat' dir='ltr'><strong>F</strong></span> <span class='ocrx_word' id='word_1_306' title='bbox 813 2868 1047 2913; x_wconf 90' lang='lat' dir='ltr'>ranciscus</span> <span class='ocrx_word' id='word_1_307' title='bbox 1068 2875 1118 2911; x_wconf 91' lang='lat' dir='ltr'>vt</span> <span class='ocrx_word' id='word_1_308' title='bbox 1140 2867 1204 2912; x_wconf 92' lang='lat' dir='ltr'>nil</span> <span class='ocrx_word' id='word_1_309' title='bbox 1225 2868 1387 2912; x_wconf 89' lang='lat' dir='ltr'>morati</span> <span class='ocrx_word' id='word_1_310' title='bbox 1412 2868 1521 2914; x_wconf 91' lang='lat' dir='ltr'>item</span> <span class='ocrx_word' id='word_1_311' title='bbox 1544 2870 1734 2912; x_wconf 91' lang='lat' dir='ltr'>Romam</span> <span class='ocrx_word' id='word_1_312' title='bbox 1755 2884 1851 2927; x_wconf 88' lang='lat' dir='ltr'>pro—</span> 
     </span>
     <span class='ocr_line' id='line_1_37' title="bbox 223 2935 1862 3003; baseline 0.001 -14"><span class='ocrx_word' id='word_1_313' title='bbox 223 2944 550 2990; x_wconf 90' lang='lat' dir='ltr'>ficiscerentur.</span> <span class='ocrx_word' id='word_1_314' title='bbox 577 2947 615 2989; x_wconf 96' lang='lat' dir='ltr'>E</span> <span class='ocrx_word' id='word_1_315' title='bbox 635 2945 882 2994; x_wconf 86' lang='lat' dir='ltr'>Germania</span> <span class='ocrx_word' id='word_1_316' title='bbox 902 2946 996 2990; x_wconf 92' lang='lat' dir='ltr'>duo</span> <span class='ocrx_word' id='word_1_317' title='bbox 1020 2947 1181 2990; x_wconf 87' lang='lat' dir='ltr'>Patres</span> <span class='ocrx_word' id='word_1_318' title='bbox 1203 2935 1446 2990; x_wconf 90' lang='lat' dir='ltr'>Patauium</span> <span class='ocrx_word' id='word_1_319' title='bbox 1473 2960 1619 3002; x_wconf 92' lang='lat' dir='ltr'>vsque</span> <span class='ocrx_word' id='word_1_320' title='bbox 1640 2960 1862 3003; x_wconf 90' lang='lat' dir='ltr'>pervene-</span> 
     </span>
     <span class='ocr_line' id='line_1_38' title="bbox 225 3021 1862 3080; baseline 0.001 -15"><span class='ocrx_word' id='word_1_321' title='bbox 225 3028 350 3076; x_wconf 86' lang='lat' dir='ltr'>runt3</span> <span class='ocrx_word' id='word_1_322' title='bbox 381 3022 463 3067; x_wconf 91' lang='lat' dir='ltr'>sed</span> <span class='ocrx_word' id='word_1_323' title='bbox 490 3035 631 3078; x_wconf 91' lang='lat' dir='ltr'>quum</span> <span class='ocrx_word' id='word_1_324' title='bbox 659 3021 762 3067; x_wconf 89' lang='lat' dir='ltr'>illae</span> <span class='ocrx_word' id='word_1_325' title='bbox 793 3021 971 3066; x_wconf 89' lang='lat' dir='ltr'>litterae</span> <span class='ocrx_word' id='word_1_326' title='bbox 1003 3022 1176 3079; x_wconf 89' lang='lat' dir='ltr'>priores</span> <span class='ocrx_word' id='word_1_327' title='bbox 1202 3029 1529 3068; x_wconf 90' lang='lat' dir='ltr'>reuocarentur</span> <span class='ocrx_word' id='word_1_328' title='bbox 1566 3035 1620 3078; x_wconf 89' lang='lat'>25</span> <span class='ocrx_word' id='word_1_329' title='bbox 1638 3068 1642 3074; x_wconf 66' lang='lat'><strong>.</strong></span> <span class='ocrx_word' id='word_1_330' title='bbox 1658 3024 1862 3080; x_wconf 89' lang='lat' dir='ltr'>Augusti</span> 
     </span>
     <span class='ocr_line' id='line_1_39' title="bbox 224 3098 1862 3157; baseline 0.001 -15"><span class='ocrx_word' id='word_1_331' title='bbox 224 3105 411 3156; x_wconf 87' lang='lat' dir='ltr'>propter</span> <span class='ocrx_word' id='word_1_332' title='bbox 436 3098 604 3143; x_wconf 91' lang='lat' dir='ltr'>bellum</span> <span class='ocrx_word' id='word_1_333' title='bbox 637 3098 756 3144; x_wconf 89' lang='lat' dir='ltr'>inter</span> <span class='ocrx_word' id='word_1_334' title='bbox 779 3099 971 3142; x_wconf 85' lang='lat' dir='ltr'>Paulum</span> <span class='ocrx_word' id='word_1_335' title='bbox 995 3111 1023 3153; x_wconf 88' lang='lat'>4</span> <span class='ocrx_word' id='word_1_336' title='bbox 1044 3106 1091 3143; x_wconf 92' lang='lat' dir='ltr'>et</span> <span class='ocrx_word' id='word_1_337' title='bbox 1114 3098 1374 3156; x_wconf 89' lang='lat' dir='ltr'>Philippum</span> <span class='ocrx_word' id='word_1_338' title='bbox 1403 3114 1559 3157; x_wconf 87' lang='lat' dir='ltr'>regem</span> <span class='ocrx_word' id='word_1_339' title='bbox 1586 3099 1862 3144; x_wconf 77' lang='lat' dir='ltr'>catholicum</span> 
     </span>
    </p>
   </div>
  </div>
 </body>
</html>
