2196 3522
897 266 921 301 9
945 236 1161 293 Oc‘r013‘1us
1189 253 1280 300 1563
1834 263 1904 299 405

269 370 416 399 manu
424 356 630 412 perlatas
649 357 826 400 litteras
855 356 1122 399 Tridentum
1145 357 1315 400 scribit.
1338 357 1396 400 In
1418 357 1478 400 iis
1499 360 1652 400 autem
1666 357 1904 416 informa-

216 427 218 431 ’
270 434 414 477 tiones
429 433 483 476 de
503 434 600 490 ipso
626 434 855 491 Gregorio
876 437 918 478 et
943 435 997 477 de
1027 435 1134 477 aliis
1155 435 1369 477 Natalem
1391 434 1567 477 dedisse
1588 435 1788 478 asseruit
1809 434 1905 485 Po-

270 511 431 553 lancus
446 510 682 553 Madridio
711 512 914 555 scribens
940 511 1014 554 die
1043 522 1100 565 14
1126 511 1331 555 Octobris
1355 514 1469 566 1563
1492 513 1542 554 in
1564 512 1685 554 hunc
1705 511 1904 554 modum:

276 605 294 626 «
304 588 414 630 Esta
431 592 636 645 mariana
645 589 802 644 partio
817 588 871 631 de
887 589 998 645 aqui
1013 589 1053 632 el
1069 588 1125 631 M
1123 592 1208 631 tro.
1234 589 1464 645 Gregorio
1481 588 1678 646 Roseffio
1700 590 1709 610 ¹
1727 588 1905 631 tudesco

270 678 356 720 que
377 679 438 707 ua
459 665 488 707 ά
511 665 674 708 Roma.
701 666 765 708 Es
786 680 852 708 un
874 680 980 722 muy
1006 666 1123 708 buen
1143 668 1303 723 sugeto
1325 681 1356 722 y
1383 665 1497 708 buen
1525 667 1756 723 religioso,
1783 681 1813 722 y
1844 665 1905 708 ha

269 742 501 784 mostrado
517 743 681 799 gratia
702 756 758 786 en
779 743 819 786 el
832 743 1052 799 predicar
1067 756 1124 785 en
1151 742 1326 785 Vienna
1338 757 1368 799 y
1383 756 1441 785 en
1458 744 1674 800 Augusta
1690 757 1746 786 en
1763 744 1906 800 lugar

270 819 343 862 del
364 820 423 862 P.
454 820 654 863 Canisio.
684 822 855 863 Parece
875 821 922 863 al
942 821 1003 863 P.
1030 819 1186 863 Nadal
1201 834 1299 876 que,
1316 834 1498 876 aurique
1514 834 1573 862 no
1589 825 1695 876 sepa
1716 819 1906 863 muclias

271 899 411 949 artes,
426 901 542 952 pues
563 911 611 939 es
632 900 829 940 maestro
850 911 906 940 en
927 897 1051 950 elias,
1075 911 1105 953 y
1126 897 1276 953 podrd
1303 911 1379 940 ser
1399 900 1554 953 presto
1581 911 1688 953 muy
1715 898 1822 940 utile
1848 910 1905 939 en

277 973 546 1026 Germania,
570 988 653 1031 que
673 974 766 1017 alla
786 975 827 1017 le
849 974 1009 1032 hagan
1036 974 1243 1017 estudiar
1265 974 1504 1031 theologia.
1532 974 1765 1017 Partirdn
1787 977 1904 1017 tam-

269 1050 372 1093 bie'n
394 1055 598 1093 mariana
613 1051 667 1094 de
681 1051 805 1108 aqui,
817 1051 1055 1108 placiendo
1070 1051 1099 1094 ά
1116 1052 1245 1104 Dios,
1267 1066 1333 1095 un
1355 1051 1507 1108 ingles
1529 1065 1614 1107 que
1636 1051 1696 1093 ha
1712 1051 1821 1107 oydo
1837 1051 1906 1093 las

270 1130 395 1170 artes
417 1128 467 1170 in
495 1127 699 1180 Ossonio,
718 1143 748 1185 y
774 1142 870 1170 aun
898 1127 1022 1185 leydo
1036 1131 1173 1184 parte
1200 1128 1358 1181 dellas,
1378 1143 1408 1185 y
1430 1128 1562 1170 desea
1583 1141 1658 1170 ser
1686 1127 1905 1170 admitido

269 1218 328 1246 en
344 1205 389 1247 la
414 1205 680 1261 Compania.
705 1205 854 1248 Auisa
874 1205 928 1248 de
948 1206 1170 1262 Louayna
1191 1206 1232 1248 el
1253 1209 1399 1249 rector
1420 1205 1560 1248 Mtro.
1579 1205 1744 1263 jacobo
1765 1218 1849 1261 que
1865 1204 1907 1246 lo

268 1295 425 1324 conoce
446 1295 552 1337 muy
574 1281 719 1324 buena
733 1287 949 1339 persona,
968 1297 998 1339 y
1019 1282 1152 1325 desde
1167 1282 1438 1340 Inglaterra
1457 1281 1516 1324 ha
1537 1282 1703 1324 uenido
1719 1296 1801 1324 con
1818 1284 1906 1324 este

269 1358 426 1400 animo
454 1355 512 1401 ¹.»
546 1359 796 1402 Praeterea
823 1373 880 1402 ex
907 1359 1090 1415 epistola
1115 1370 1201 1414 323
1227 1360 1398 1402 scimus
1428 1360 1641 1402 Natalem
1669 1359 1826 1401 diebus
1850 1370 1906 1402 Io

270 1437 310 1477 et
338 1445 394 1489 13
437 1434 639 1478 Octobris
665 1436 801 1479 varia
830 1436 891 1479 ad
919 1437 1130 1493 regimen
1157 1437 1452 1494 collegiorum
1475 1450 1815 1494 germanorum
1845 1435 1906 1478 ad

262 1507 575 1562 praepositum
604 1508 871 1564 generalem
903 1508 1126 1550 retulisse.
1158 1509 1248 1550 Die
1274 1522 1381 1550 vero
1420 1518 1476 1561 14
1518 1507 1723 1551 Octobris
1759 1507 1905 1550 denuo

264 1583 470 1626 eumdem
491 1583 545 1626 de
565 1584 698 1652 rebus
725 1585 1005 1628 Germaniae
1026 1585 1086 1627 ad
1110 1585 1333 1628 Lainium
1355 1586 1595 1641 scripsisse
1617 1585 1827 1627 novimus
1848 1598 1905 1627 ex

270 1659 456 1714 epistola
477 1660 559 1703 sub
579 1675 627 1704 n.
656 1671 741 1715 325
757 1662 922 1718 posita

1031 1808 1150 1849 819

733 1892 787 1928 P:
813 1891 1055 1939 JOANNES
1082 1893 1152 1928 DE
1177 1891 1429 1930 POLANCO

915 1981 964 2005 ex
981 1969 1256 2006 commissione

530 2053 774 2097 PATRI
822 2054 1318 2098 HIERONYMO
1366 2054 1645 2098 NADAL

747 2156 962 2193 TR1DENT1,
988 2158 1011 2194 9
1037 2156 1244 2184 OCTossms
1273 2146 1363 2193 1563
1380 2148 1412 2184 ³.

267 2235 344 2271 1-6.
376 2235 438 2272 De
461 2236 578 2272 sociis
607 2236 736 2271 Roma
765 2236 810 2271 in
843 2232 1109 2272 Germaniam
1133 2239 1311 2272 recenter
1338 2237 1581 2281 missis.—7.
1614 2236 1905 2278 Marianus—

339 2295 441 2331 8-10.
461 2296 522 2331 De
529 2295 846 2342 fundationibus
862 2296 1124 2344 collegiorum
1138 2296 1398 2344 Ingolstadii,
1417 2296 1622 2331 Monachii
1633 2298 1670 2331 et
1683 2295 1898 2342 Dilingae.

340 2363 395 2390 ΙΙ.
415 2355 476 2391 De
494 2355 549 2391 P.
582 2355 757 2391 Victoria
774 2357 811 2390 et
829 2356 876 2391 de
893 2356 1065 2403 negotiis
1083 2356 1162 2403 ipsi
1178 2356 1528 2391 commissis.-12.
1548 2355 1610 2391 De
1626 2355 1810 2391 concilio·

365 2449 401 2481 1.
469 2439 563 2482 Pax
585 2437 691 2494 Xpi.
718 2437 861 2483 Ahier
882 2436 1018 2481 seriui
1041 2442 1068 2481 ἐι
1089 2439 1147 2482 V.
1174 2439 1228 2481 R.
1254 2452 1341 2482 con
1363 2439 1405 2494 xj
1430 2438 1572 2482 delos
1589 2444 1799 2481 nuestros
1815 2450 1903 2492 que

268 2514 357 2557 allai
385 2514 544 2559 fueron
574 2515 602 2558 ⁴.
634 2516 700 2560 La
727 2522 938 2572 presente
966 2515 1086 2559 lleua
1111 2516 1154 2560 el
1181 2516 1239 2558 D.
1271 2515 1481 2558 Emundo
1508 2522 1638 2558 scoto
1666 2528 1752 2557 eon
1780 2520 1904 2556 otros

347 2654 355 2674 ¹
407 2653 467 2688 De
491 2652 681 2699 Gregorio
710 2653 882 2688 Roseffio
910 2651 1133 2698 (Rossefeg‚
1165 2651 1423 2696 Wolfschedl)
1453 2651 1508 2687 cf.
1544 2652 1904 2695 BRAUNSBERGER‚

271 2711 351 2746 loc.
375 2710 458 2758 cit.‚
476 2711 548 2756 111,
566 2710 627 2759 37,
644 2717 782 2749 annot.
811 2720 853 2757 7.
1856 2702 1866 2710 “

343 2773 357 2792 ²
407 2770 466 2805 Ex
483 2771 708 2818 archetypo,
727 2770 767 2807 in
787 2770 888 2807 Cod.
912 2771 1034 2814 PLB,
1060 2770 1126 2816 189
1143 2772 1260 2816 (174).

345 2831 359 2851 ³
408 2830 467 2864 Ex
490 2829 678 2877 Regesto,
709 2829 809 2866 Cod.
835 2840 879 2877 33
897 2831 943 2875 d)
967 2830 1010 2866 ff.
1042 2829 1126 2876 264,
1151 2829 1238 2874 265.
1267 2829 1312 2865 In
1336 2829 1525 2876 margine:
1554 2829 1602 2863 P.
1623 2826 1762 2863 Natal.
1782 2824 1846 2862 De'
1861 2825 1905 2861 li-

273 2888 415 2929 brario,
434 2888 501 2935 qui
517 2889 617 2924 hanc
640 2889 846 2936 epistolam
865 2889 1054 2935 exaravit,
1074 2889 1164 2925 vide
1182 2888 1311 2925 dicta
1302 2899 1340 2924 m
1357 2889 1476 2936 epist.
1501 2898 1584 2934 294,
1603 2890 1738 2922 annot.
1766 2894 1803 2922 1.

344 2949 360 2970 ⁴
408 2947 600 2983 Polancus
618 2947 806 2984 Madridio
826 2957 864 2984 11
886 2947 1070 2986 Octobris
1092 2947 1183 2993 1563
1206 2948 1303 2984 haee
1325 2947 1375 2983 de
1398 2947 1516 2984 sociis
1540 2947 1663 2982 Roma
1686 2945 1726 2980 in
1744 2944 1906 2981 Germa-

273 3006 376 3042 niam
388 3006 524 3042 missis
541 3006 750 3044 referebat.
771 3020 803 3043 «
813 3009 915 3046 ..los
932 3020 1008 3056 que
1026 3019 1069 3044 se
1088 3007 1289 3043 embiaron
1312 3019 1404 3055 para
1427 3007 1618 3043 Alemana
1642 3006 1815 3051 llegaron
1832 3015 1907 3041 con

271 3065 385 3102 salud
401 3068 423 3101 ἐι
440 3065 585 3101 Trento
591 3078 645 3113 ,y
662 3068 719 3102 asi
737 3066 953 3114 repartidos
977 3079 1027 3103 en
1050 3072 1130 3103 tres
1157 3068 1379 3113 compafiias
1397 3077 1467 3114 por
1492 3066 1527 3101 la
1552 3074 1684 3111 mayor
1701 3068 1810 3110 parte
1836 3073 1908 3099 son
