2196 3522
883 256 929 294 27
955 248 1148 286 Aucusrr
1175 248 1267 294 1562
1826 256 1895 294 105

255 351 426 410 gensis,
453 350 738 396 Venerabilis
758 351 830 395 vir
850 349 1142 409 singulariter
1162 351 1294 395 nobis
1315 350 1496 396 dilecte.
1522 350 1753 395 Henricus
1778 351 1897 396 Dio-

255 428 416 486 nysius
441 430 471 482 ¹,
495 429 566 471 vir
587 429 690 485 pius
711 436 757 474 et
778 430 958 482 doctus,
989 443 1094 472 cum
1121 428 1284 472 diebus
1310 428 1485 484 aliquot
1511 427 1750 472 nobiscum
1778 428 1891 473 fuis-

257 513 328 550 set
363 507 397 559 2,
437 513 483 549 et
519 514 698 563 praeter
734 521 982 559 sermones,
1022 520 1137 562 quos
1178 520 1283 549 cum
1324 520 1379 551 eo
1421 505 1681 561 habuimus,
1725 521 1897 563 graues

258 583 503 627 conciones
534 584 700 627 multas
731 598 821 626 non
862 582 1083 628 inutiliter
1119 583 1240 640 apud
1277 583 1493 640 populum
1535 582 1610 626 hic
1646 583 1889 640 posuisset;

257 660 496 705 discedens
518 660 648 717 petiit
669 660 841 717 aliquid
862 661 919 703 ad
941 667 987 703 te
1007 659 1239 703 literarum
1261 660 1490 714 daremuS,
1509 659 1676 716 quibus
1691 667 1892 704 nostram

256 751 368 794 erga
384 737 623 782 ecclesiam
640 738 939 791 uoluntatem,
958 735 1006 781 et
1021 736 1296 782 Societatem
1314 743 1511 781 uestram
1529 737 1893 782 beneuolentiam

256 829 353 859 non
389 814 603 871 exiguam
635 815 888 859 faceremus
916 821 1143 857 testatam.
1175 814 1314 870 Quod
1340 813 1425 857 etsi
1454 828 1538 856 nos
1565 821 1726 871 sponte
1757 822 1897 877 atque

257 892 379 934 ultro
402 891 567 936 facturi
587 905 783 943 eramus,
808 890 1058 934 iucundum
1081 898 1232 934 tamen
1254 890 1356 943 fuit,
1381 891 1439 933 ad
1460 891 1773 946 exponendam
1794 906 1894 935 eam

256 983 283 1011 a
306 968 384 1012 tali
406 983 491 1012 nos
513 968 745 1012 admoneri
767 967 882 1020 uiro,
908 967 986 1023 qui
1008 981 1112 1010 cum
1130 974 1309 1011 nostras
1325 967 1550 1019 redderet,
1577 967 1899 1012 testificaretur

255 1045 356 1102 ipse
378 1059 495 1101 quae
517 1046 575 1090 de
595 1047 681 1089 hac
703 1060 759 1089 ex
780 1044 912 1088 nobis
932 1059 1087 1088 coram
1109 1043 1374 1100 accepisset.
1401 1043 1453 1087 Ei
1475 1040 1588 1101 ergo
1608 1045 1666 1088 de
1687 1043 1899 1089 instituto

258 1123 588 1178 uoluntateque
609 1129 765 1165 nostra
784 1122 956 1166 referre
976 1121 1165 1174 uolenti,
1190 1121 1327 1166 fidem
1355 1121 1560 1174 habebis,
1593 1121 1765 1178 tibique
1791 1137 1897 1178 per—

257 1199 473 1243 suadebis
494 1205 619 1243 certo
640 1197 752 1241 nihil
773 1213 929 1243 eorum
951 1197 1349 1255 praetermissuros
1370 1212 1469 1251 nos,
1495 1212 1612 1254 quae
1640 1198 1697 1241 ad
1725 1198 1893 1242 auitam

258 1276 599 1321 instaurandam
642 1275 949 1332 tuendamque
991 1275 1257 1332 religionem
1299 1275 1605 1332 pertinebunt.
1652 1276 1894 1320 Communi

257 1368 371 1398 uero
390 1353 607 1399 Societati
629 1351 802 1408 tibique
823 1368 922 1398 eam
944 1352 1310 1398 beneuolentiam
1338 1352 1670 1410 praestabimus
1696 1368 1891 1410 semper,

253 1444 388 1486 quam
412 1436 683 1487 perpetuum
704 1430 762 1474 de
778 1429 1077 1474 sanctimonia
1092 1437 1138 1473 et
1156 1429 1325 1475 uirtute
1344 1429 1442 1475 eius
1459 1429 1668 1473 iuditium
1686 1437 1892 1474 nostrum

252 1506 516 1564 impendere
545 1508 754 1550 hortatur
775 1521 828 1550 ac
850 1507 1066 1564 postulat.
1092 1508 1239 1552 Datae
1270 1520 1327 1550 ex
1359 1521 1462 1551 arce
1484 1514 1640 1551 nostra
1668 1508 1704 1551 F
1706 1514 1891 1551 ursten-

252 1598 340 1638 ow,
367 1598 415 1628 VI
439 1583 628 1628 Calend.
654 1584 908 1640 Septemb.,
933 1594 1067 1627 anno·
1079 1597 1267 1628 MDLXII.

873 1662 950 1719 Jo.
987 1661 1137 1705 Coris.
1174 1661 1358 1706 OSNAB.
1397 1675 1460 1706 m:
1491 1662 1651 1706 HOYA.

339 1740 460 1782 Lau:
480 1738 739 1782 Scradaeus
760 1737 841 1781 SS.

324 1936 334 1957 ¹
386 1933 496 1970 Illius
514 1945 681 1970 examen
699 1938 762 1969 est
779 1933 819 1969 in
837 1932 1005 1980 append.
1026 1933 1057 1968 Ι.

322 1997 336 2016 ²
387 1993 532 2029 Mansit
548 1994 593 2028 P.
613 1992 829 2040 Dionysius
847 1991 1105 2038 Osnabrugae
1124 1991 1274 2028 ultimis
1291 1992 1432 2029 diebus
1451 1993 1639 2040 Augusti,
1654 1999 1695 2030 et
1708 1994 1772 2030 die
1788 2003 1810 2030 2
1823 1995 1894 2031 Se-

249 2053 441 2100 ptembris
459 2052 662 2089 Coloniam
680 2063 864 2088 reversus
882 2057 926 2087 ut
942 2051 1033 2088 inde
1051 2052 1294 2098 Moguntiam
1311 2057 1480 2099 peteret;
1504 2053 1609 2100 quod
1634 2053 1719 2100 ipse
1744 2054 1784 2090 in
1810 2053 1890 2102 epi-

251 2112 353 2148 stola
367 2111 415 2146 ad
430 2110 632 2146 doctorem
641 2110 864 2146 Mauritium
873 2110 1152 2146 Winkelmann
1168 2111 1277 2146 hisce
1291 2111 1423 2147 verbis
1437 2111 1680 2149 referebat...
1693 2113 1893 2160 «Ingenue

250 2170 378 2206 fateor
395 2176 451 2216 et,
469 2170 597 2218 quoad
615 2170 763 2216 vivam,
781 2169 897 2205 fateri
914 2181 992 2205 non
1011 2169 1203 2212 desinam,
1224 2182 1286 2206 me
1300 2170 1528 2218 episcopum
1542 2170 1892 2218 osnabrugensem

250 2230 489 2277 comperisse
508 2229 740 2276 principem,
758 2220 914 2276 qualem
928 2229 975 2264 T.
992 2230 1123 2264 D.¹¹‘=m
1142 2228 1236 2265 mihi
1249 2229 1566 2277 quandoquidem
1580 2231 1620 2266 in
1634 2231 1798 2267 aedibus
1813 2232 1893 2267 tuis

251 2288 434 2326 familiari
457 2289 652 2336 colloquio
674 2288 931 2336 descripsisse
955 2288 1152 2334 recordor,
1183 2290 1257 2325 hoc
1287 2295 1363 2336 est,
1394 2291 1647 2337 benevolum,
1672 2291 1892 2337 liberalem,

253 2348 426 2395 doctum,
446 2347 604 2384 unicum
622 2359 820 2383 musarum
834 2359 879 2383 ac
893 2347 1156 2384 studiosorum
1174 2349 1416 2385 Mecenatem
1431 2354 1471 2385 et
1484 2351 1690 2396 cultorem,
1705 2350 1891 2398 denique,

255 2406 359 2454 quod
376 2408 450 2442 hoc
467 2406 782 2454 deploratissimo
799 2408 934 2442 seculo
951 2406 1192 2442 rarissimum
1210 2412 1250 2443 et
1267 2407 1308 2443 in
1331 2408 1436 2444 omni
1460 2409 1627 2455 primum
1655 2421 1745 2445 esse
1768 2409 1892 2444 faten-

254 2466 348 2502 dum
366 2472 441 2512 est,
459 2466 641 2513 puritatis
659 2466 928 2513 evangelicae,
947 2466 1109 2507 veteris,
1128 2467 1382 2514 apostolicae,
1400 2467 1576 2504 sincerae
1601 2474 1641 2504 et
1663 2480 1780 2504 verae
1804 2468 1894 2504 reli-

253 2525 384 2571 gionis
409 2531 739 2572 propugnatorem
762 2537 807 2561 ac
830 2525 936 2561 illius
958 2526 1248 2573 recuperandae
1271 2527 1556 2573 avidissimum,
1581 2539 1670 2563 cum
1696 2539 1773 2574 quo
1797 2527 1892 2563 mihi

253 2586 444 2621 hactenus
470 2585 711 2631 conversari,
741 2596 820 2620 non
842 2585 931 2621 dico
954 2585 1128 2632 fastidio,
1151 2585 1223 2621 sed
1249 2598 1400 2622 summe
1425 2586 1500 2623 fuit
1530 2587 1737 2634 voluptati,
1763 2598 1784 2622 a
1813 2599 1891 2634 quo

252 2644 371 2680 etiam
399 2643 585 2690 dig[redi]
609 2643 721 2679 nefas
746 2655 835 2679 esse
858 2644 1057 2688 ducerem,
1081 2644 1158 2680 nisi
1186 2646 1429 2693 quorundam
1459 2645 1631 2681 virorum
1661 2645 1891 2691 authoritas,

250 2714 417 2751 quorum
434 2701 599 2738 consilio
617 2707 658 2738 et
674 2703 876 2738 autoritati
894 2715 979 2738 mos
1001 2703 1200 2749 gerendus
1224 2710 1302 2752 est,
1325 2717 1388 2741 me
1412 2705 1461 2741 ad
1485 2711 1639 2752 tempus
1663 2710 1884 2740 revocaret.

254 2763 314 2798 Ac
330 2761 495 2809 proinde
512 2773 591 2797 uno
609 2766 676 2797 aut
693 2761 879 2809 [duobus]
896 2762 1038 2798 abhinc
1054 2763 1196 2799 diebus
1208 2775 1298 2800 cum
1311 2776 1407 2812 pace
1422 2776 1467 2801 ac
1481 2764 1615 2800 favore
1630 2775 1652 2799 a
1665 2771 1807 2799 rev.m⁰
1820 2764 1892 2800 im-

250 2826 405 2869 petrato
423 2833 493 2868 per
510 2820 715 2857 Coloniam
732 2821 975 2868 Moguntiam
990 2822 1214 2869 proficiscar
1226 2824 1276 2860 ad
1288 2832 1464 2861 remmam
1479 2854 1488 2871 ‚
1509 2830 1549 2860 et
1574 2823 1890 2871 [quam]primum

248 2882 379 2918 D.¹¹em
405 2881 452 2916 T.
472 2885 513 2916 et
531 2881 741 2928 praecipue
758 2881 952 2917 illustrem
969 2882 1185 2930 principem
1208 2895 1255 2919 ac
1276 2883 1417 2920 ducem
1448 2884 1620 2929 Ericum,
1651 2894 1674 2918 a
1703 2894 1781 2930 quo
1811 2894 1891 2919 non

249 2951 338 2976 mea
354 2951 428 2976 nec
445 2940 578 2976 rev.mi
597 2939 667 2975 sed
685 2940 808 2976 maior
824 2940 1100 2988 [superiorum]
1117 2943 1300 2979 voluntas
1317 2943 1513 2989 avocavit,
1532 2943 1699 2978 invisam
1718 2953 1763 2977 ac
1787 2942 1890 2978 salu-

250 3001 381 3036 tabo.»
399 3001 458 3035 Ex
475 3000 561 3035 cod.
584 2999 693 3041 VIII,
714 2999 936 3047 «Epistolae
949 3001 1080 3037 variae
1094 3001 1143 3037 ad
1157 3007 1316 3039 nostros>
1325 3003 1462 3039 Patres
1476 3002 1773 3046 Colonienses»,
1787 3001 1892 3049 apud

251 3059 446 3105 HANSEN,
465 3059 543 3095 loc.
567 3057 652 3105 cit.,
671 3070 760 3105 pag.
779 3058 864 3104 430.
