2196 3522
1073 345 1165 383 1554
1845 343 1889 370 21

247 438 327 482 vbi
346 453 516 496 magna
540 439 552 461 ¹
575 452 681 483 cum
704 438 992 484 solemnitate
1012 438 1320 496 publicaretur
1338 445 1470 483 actus
1486 437 1782 482 fundationis:
1806 451 1894 481 no—

250 522 344 562 ster
371 515 609 561 coadiutor
640 516 853 574 palliatus
874 516 1080 561 consedit
1114 516 1163 565 in
1200 516 1355 574 primis
1386 515 1631 572 subsellijs,
1656 530 1774 572 quae
1805 514 1894 559 fuit

251 600 384 651 grata
405 593 668 651 simplicitas
689 595 781 638 don
800 593 957 638 Ioanni
979 600 1026 639 et
1046 593 1329 650 primatibus.

1012 720 1126 754 1554

341 826 535 885 Egimus
572 829 626 872 P.
657 825 890 871 Antonius
925 832 973 870 et
999 840 1089 884 ego
1112 840 1218 869 cum
1236 825 1389 879 Auila,
1416 833 1571 882 aperte
1593 825 1775 870 audisse
1804 841 1892 870 nos

250 918 357 949 eum
385 904 590 962 cogitare
617 905 675 949 de
701 903 954 950 Societate:
985 903 1100 947 dixit
1126 918 1177 948 se
1204 902 1435 960 cogitasse
1462 903 1668 960 quidem,
1699 911 1746 947 et
1780 903 1893 947 nihil

251 981 337 1025 sibi
358 981 504 1027 videri
524 981 706 1035 dificile,
732 980 820 1025 nisi
841 981 965 1037 quod
985 980 1230 1038 negocium
1251 987 1298 1025 et
1319 981 1522 1026 laborem
1538 981 1783 1025 facesseret
1804 982 1892 1026 So-

245 1058 419 1114 cietati,
439 1066 623 1116 propter
645 1058 745 1104 eius
773 1066 865 1103 tam
894 1058 1107 1102 afflictam
1150 1057 1475 1104 valetudinem.
1516 1058 1892 1115 Significauimus

250 1149 344 1180 non
360 1136 458 1181 fore
478 1136 591 1180 illud
606 1136 788 1180 dificile:
809 1136 1011 1182 intellexi
1038 1135 1045 1194 Ι
1074 1135 1214 1182 fuisse
1231 1136 1289 1180 ad
1305 1150 1390 1180 nos
1407 1143 1670 1191 venturum,
1690 1135 1729 1179 si
1746 1135 1792 1178 id
1809 1150 1890 1179 cu-

251 1220 396 1259 rasset
418 1213 776 1258 Bustamantius.

327 1291 641 1337 ‘Familiariter
660 1290 737 1349 egi
759 1305 864 1335 cum
885 1293 973 1335 hoc
994 1292 1119 1335 bono
1142 1293 1295 1336 Patre:
1320 1290 1551 1348 disputaui
1572 1290 1708 1336 etiam
1730 1290 1895 1335 acriter

250 1375 412 1412 contra
433 1368 692 1426 opinionem
722 1368 838 1422 Soti,
870 1369 993 1426 quod
1013 1370 1126 1413 ordo
1154 1368 1452 1426 correptionis
1480 1369 1776 1426 euangehcae
1802 1382 1895 1411 non

250 1452 376 1491 esset
410 1447 665 1491 seruandus
694 1445 742 1490 in
770 1446 959 1492 crimine
987 1448 1246 1492 haereseos:
1271 1453 1553 1503 conquestus
1580 1452 1650 1491 est
1676 1446 1799 1503 apud
1821 1460 1896 1490 me

250 1523 379 1579 quod
415 1537 508 1567 non
544 1523 866 1581 reciperemus,
909 1523 988 1581 qui
1023 1525 1202 1568 ducunt
1229 1538 1256 1567 a
1283 1522 1459 1589 iudaeis
1487 1522 1729 1580 origine1n;
1770 1538 1821 1568 se
1848 1522 1895 1566 id

247 1600 368 1646 scire
394 1602 453 1645 de
479 1601 679 1646 Araozio
706 1608 754 1646 et
781 1601 974 1647 Mirone.
1007 1601 1239 1659 Respondi
1265 1600 1329 1645 ita
1357 1615 1450 1645 non
1471 1615 1589 1655 esse3
1621 1602 1702 1646 sed
1723 1601 1894 1646 habere

250 1692 338 1722 nos
363 1679 593 1724 delectum
629 1678 677 1722 in
712 1678 801 1723 illis
837 1678 1124 1736 recipiendis.
1166 1680 1324 1735 Quum
1355 1680 1443 1723 hoc
1480 1679 1812 1732 confirmarem,
1845 1686 1892 1724 et

244 1754 483 1811 ,videretur
504 1763 657 1802 tamen
694 1771 787 1800 non
807 1756 998 1810 moueri,
1023 1756 1116 1800 dixi
1137 1756 1280 1801 libere
1307 1771 1442 1814 posse
1468 1771 1564 1802 rem
1597 1757 1820 1800 affirmare
1841 1763 1892 1799 vt

249 1839 365 1878 erat:
390 1834 541 1878 facere
561 1840 610 1877 vt
630 1833 707 1879 ille
727 1835 949 1889 crederet,
973 1834 1019 1877 id
1036 1849 1108 1878 me
1129 1848 1223 1878 non
1242 1848 1393 1891 posse;
1419 1833 1588 1891 alioqui
1603 1834 1678 1877 13
1699 1833 1737 1878 si
1755 1847 1890 1890 quem

250 1911 441 1956 haberet
461 1911 676 1955 idoneum
698 1927 756 1957 ex
776 1912 853 1956 illo
874 1926 1061 1970 genere,
1081 1911 1208 1955 illum
1225 1913 1425 1957 offerret:
1445 1918 1890 1969 repraesentaturum

251 2002 326 2032 me
363 2002 435 2042 re,
475 1989 598 2045 quod
631 1988 784 2033 verbis
819 1990 1127 2033 affirmassem.
1158 1989 1402 2047 Proposuit
1435 1990 1708 2035 Santander:
1739 1988 1891 2046 recepi

250 2064 396 2119 illum,
422 2072 468 2111 et
488 2065 598 2110 duxi
618 2080 799 2110 meeum
821 2067 1131 2123 Complutum.

341 2143 432 2188 Hic
453 2143 655 2189 intellexi
677 2158 734 2188 ex
754 2144 898 2189 literis
918 2145 1070 2188 Araoz
1093 2152 1139 2189 et
1156 2146 1207 2189 P.
1225 2144 1456 2189 Francisci
1472 2145 1624 2190 delata
1640 2158 1741 2190 esse
1758 2158 1891 2189 exer—

232 2219 358 2264 ·citia
378 2221 498 2278 apud
522 2220 828 2278 inquisitores.
856 2221 1027 2278 Scripsi
1050 2222 1108 2265 ad
1129 2223 1281 2266 Araoz
1303 2235 1454 2266 acrem
1475 2221 1729 2279 epistolam,
1754 2235 1889 2277 quam

248 2305 404 2355 posset
425 2298 641 2344 exhibere
662 2299 921 2356 legendam,
947 2299 1114 2355 quibus
1143 2299 1297 2344 vellet.
1324 2300 1404 2343 Illa
1424 2298 1615 2357 epistola
1636 2299 1682 2342 id
1703 2299 1887 2357 agebat,

249 2389 335 2419 nos
355 2375 572 2420 exercitia
592 2391 694 2421 esse
715 2377 1000 2430 defensuros,
1026 2376 1228 2421 non‘iam
1249 2383 1299 2420 vt
1321 2383 1494 2430 nostra,
1519 2377 1600 2421 sed
1621 2382 1671 2419 vt
1694 2391 1721 2420 a
1747 2375 1753 2434 Ι
1781 2376 1891 2420 sede

250 2452 500 2509 apostolica
520 2454 802 2498 confirmata.

343 2529 620 2574 Renuntiaui
642 2532 696 2574 P.
721 2531 974 2575 Antonium
995 2538 1217 2575 rectorem
1238 2530 1435 2588 collegij:
1461 2531 1584 2587 quod
1601 2538 1741 2586 quum
1759 2529 1890 2573 audi-

252 2619 350 2650 rem
371 2620 510 2663 aegre
532 2607 650 2652 ferre
670 2607 836 2652 bonam
858 2607 1246 2663 marchionissam,
1270 2607 1487 2665 respondi
1504 2608 1561 2652 ad
1577 2606 1890 2664 probationem

250 2695 354 2727 esse
405 2682 696 2740 designatum
738 2686 793 2728 P.
838 2685 1093 2730 Antonium
1135 2691 1356 2730 rectorem
1399 2686 1414 2707 ²
1453 2700 1510 2730 ex
1558 2682 1890 2728 consuetudine

252 2760 303 2803 P.
327 2758 508 2816 Ignatij.
536 2760 863 2806 Marchionissa
883 2762 1072 2806 iuuabat
1093 2777 1186 2806 non
1207 2761 1496 2807 mediocriter
1517 2760 1778 2818 collegium:
1804 2774 1890 2804 nec

250 2842 404 2880 tamen
424 2836 682 2892 patiebatur
702 2852 752 2882 se
772 2853 856 2895 pro
876 2839 1183 2884 benefactrice
1204 2838 1443 2883 nominari.
1469 2837 1644 2882 Concio
1668 2836 1890 2882 Bernardi

247 2927 308 2957 ex
329 2919 549 2970 tempore,
574 2921 662 2958 etc.
689 2914 906 2960 Visitaui:
933 2923 1043 2961 vota
1064 2924 1299 2960 renouata.

342 2991 413 3035 14
448 2990 554 3045 Hic,
573 2990 619 3034 in
648 2991 860 3037 cubiculo
881 2994 1068 3038 suffulto
1090 2993 1252 3038 storeis
1273 2992 1530 3037 Stramineis
1561 2992 1619 3036 ad
1648 2991 1884 3049 parietem,

330 3100 342 3120 ¹
392 3098 466 3134 Ms.
485 3110 696 3146 magnam.

328 3157 344 3180 ²
392 3157 483 3204 Ms.,
501 3161 647 3194 rector.
