2196 3522
261 265 336 303 520
834 256 972 292 EP1s'r.
999 256 1044 292 P.
1072 255 1266 292 NADAL-
1272 255 1342 302 348

267 374 357 403 non
381 358 663 414 susceperint
684 372 767 401 uos
789 357 950 401 inuna
971 357 1173 411 ciuitate,
1194 357 1256 403 ite
1277 357 1324 402 in
1346 357 1505 402 aliam»
1530 366 1576 403 et
1601 357 1765 402 «nolite
1782 373 1878 402 mar
1894 384 1904 391 .

263 435 436 492 ,garitas
458 434 678 491 proiicere
700 434 895 491 porcis»;
921 449 1116 491 namque
1137 434 1235 479 sine
1252 435 1402 479 fructu
1421 434 1591 490 reuersi
1612 449 1785 479 sumus.
1812 436 1902 478 Im-

266 519 447 568 perator
468 519 625 568 postea
647 511 898 569 aegerrime
922 512 1070 556 ferens
1091 507 1174 556 nos
1196 526 1287 555 non
1308 511 1528 555 admissos
1551 511 1690 556 fuisse
1705 545 1715 565 ,
1739 512 1901 557 litteris

262 589 486 632 acerrime
515 589 826 645 reprehendit,
861 596 905 632 et
928 589 1156 646 exemplar
1183 604 1344 662 earum=
1366 590 1524 633 Rmus.
1549 588 1659 632 mihi
1684 589 1897 632 ostendit.

267 667 470 710 Vocatus
500 666 565 709 fui
593 666 758 711 deinde
786 668 842 710 ab
871 668 1029 711 eodem
1059 668 1115 710 ad
1143 667 1367 723 synodum
1391 665 1690 723 Tyrnauiam,
1721 680 1826 722 quo,
1855 666 1901 710 in

266 757 405 786 curru
433 743 615 800 proprio
643 758 727 787 suo
756 744 1018 798 assidendo,
1049 758 1122 788 me
1149 743 1360 798 deduxit;
1391 756 1476 786 nec
1505 757 1703 799 unquam
1725 749 1903 799 praeter

265 821 407 863 semel
423 835 584 876 passus
601 828 670 864 est
691 834 764 864 me
780 820 930 864 cibum
949 835 1128 865 sumere
1145 820 1191 863 in
1215 820 1424 878 collegio.
1445 821 1493 863 In
1510 834 1668 864 mensa
1686 819 1899 875 frequen-

265 903 333 940 ter
354 896 427 939 alii
450 896 665 953 episcopi,
691 898 885 940 barones
908 905 952 940 et
981 897 1136 954 magni
1165 897 1251 940 uiri
1274 898 1478 940 aderant.
1512 897 1658 953 Saepe
1686 897 1742 939 de
1763 897 1900 940 rebus

267 973 372 1017 fidei
395 980 545 1017 actum
570 981 639 1018 est
666 981 711 1018 et
740 974 876 1018 rebus
903 973 1224 1028 controuersis,
1260 974 1338 1017 ubi
1360 981 1581 1030 vtanquam
1611 988 1637 1016 a
1664 987 1749 1016 suo
1772 975 1900 1016 theo—

263 1052 373 1107 logo
397 1051 645 1095 sententias
668 1059 846 1107 patrum
878 1051 1128 1107 requisiuit.
1155 1052 1212 1094 Et
1233 1051 1289 1094 de
1312 1051 1409 1095 iure
1436 1050 1656 1094 canonico
1679 1051 1899 1108 quaedam

261 1143 323 1171 ex
345 1143 416 1171 me
439 1127 553 1171 scire
582 1128 753 1182 uoluit3
786 1136 831 1171 et
859 1143 914 1171 ex
945 1137 1149 1184 tempore
1176 1130 1302 1171 Deus
1331 1127 1496 1180 adfuit,
1521 1127 1627 1172 licet
1655 1134 1787 1170 antea
1808 1141 1900 1169 non

267 1204 506 1261 legissem,
538 1211 588 1247 ut
616 1198 710 1249 rem
739 1218 823 1247 acu
854 1213 1087 1261 tangerem
1117 1204 1252 1249 etiam
1274 1203 1427 1249 semel'
1444 1211 1602 1248 contra
1629 1203 1900 1247 sententiam

266 1281 398 1334 Rmi.,
424 1296 480 1325 ex
503 1296 594 1337 quo
615 1281 750 1325 etiam
774 1281 958 1324 iuristae
981 1296 1146 1325 nomen
1168 1282 1288 1338 apud
1311 1283 1490 1324 Rmum.
1517 1286 1754 1324 assecutus
1776 1295 1893 1323 sum.

265 1359 424 1414 Nuper
446 1358 581 1402 etiam
605 1359 662 1401 ad
685 1358 921 1414 prandium
945 1372 1135 1412 uocans,
1166 1371 1385 1402 canonem
1407 1358 1464 1400 de
1492 1355 1777 1400 matrimonio
1805 1370 1899 1399 non

261 1450 528 1491 assequens,
553 1450 699 1480 meam
721 1435 991 1480 sententiam
1015 1435 1172 1480 audire
1193 1435 1353 1488 uoluit,
1380 1449 1468 1490 qua
1489 1435 1661 1491 perlata
1676 1434 1897 1487 modeste,

266 1526 357 1554 non
379 1513 622 1556 defuerunt
644 1512 721 1568 qui
744 1512 889 1556 eidem
912 1511 1290 1564 contradicerent,
1316 1511 1539 1554 immerito
1561 1517 1725 1562 tamen.
1749 1511 1799 1553 In
1822 1525 1898 1565 sy—
1929 1551 1937 1557 ,

265 1590 385 1632 nodo
413 1591 421 1610 ¹
448 1595 539 1633 tres
562 1588 700 1632 habui
721 1588 1058 1632 exhortationes
1080 1589 1136 1632 de
1159 1588 1366 1643 ecclesia,
1391 1587 1557 1644 quibus
1578 1587 1653 1630 illa
1674 1585 1899 1630 conditio—

267 1665 401 1709 nibus
425 1667 480 1709 ab
503 1660 601 1709 aliis
622 1665 976 1719 discerneretur;
1002 1665 1133 1709 aliam
1156 1667 1214 1708 de
1241 1665 1498 1709 obedientia
1526 1664 1735 1721 praelatis
1757 1665 1899 1708 eccle-

262 1742 361 1787 siae
383 1742 551 1796 debita;
578 1743 755 1786 tertiam
780 1757 889 1787 uero
918 1750 964 1787 et
991 1743 1179 1787 breuem
1202 1743 1259 1786 de
1291 1748 1571 1786 sacramento
1600 1740 1900 1785 eucharistiae

263 1828 310 1863 et
341 1820 588 1874 caelibatu;
621 1820 726 1875 quia
765 1827 943 1875 tempus
979 1821 1165 1877 longam
1204 1834 1295 1862 non
1323 1819 1540 1876 permisit.
1569 1821 1769 1877 Joannes
1798 1820 1900 1861 Mo-

264 1911 402 1940 rauus
426 1911 579 1950 unam,
605 1903 650 1939 et
672 1896 746 1939 alii
768 1911 848 1952 pro
870 1911 995 1941 more
1015 1897 1342 1941 declamarunt.
1371 1895 1549 1939 Placuit
1566 1897 1716 1948 Rmo.,
1736 1901 1782 1939 et
1798 1909 1901 1938 mo-

260 1974 350 2016 dus
373 1973 575 2026 dicendi,
601 1980 645 2017 et
674 1988 745 2017 res
773 1973 889 2029 ipsa,
922 1980 973 2015 ut
1002 1974 1139 2017 uellet
1166 1988 1192 2016 a
1218 1988 1292 2017 me
1320 1972 1471 2035 copias
1498 1973 1682 2016 habere.
1708 1973 1897 2025 Verum,

259 2050 368 2107 quia
390 2066 482 2093 non
510 2065 875 2106 composueram,
907 2050 986 2095 sed
1015 2050 1088 2095 die
1116 2049 1403 2107 praecedenti
1432 2049 1675 2092 meditatus
1705 2049 1895 2100 fueram,

260 2143 354 2171 non
376 2127 503 2184 potui
525 2127 753 2171 exhibere.
782 2127 905 2171 Misit
932 2127 1038 2171 inde
1070 2126 1384 2181 secretarium,
1408 2125 1539 2169 iussit
1570 2132 1619 2169 ut
1639 2117 1897 2169 exhiberem

261 2206 386 2261 prelo
409 2204 770 2257 committendas3
798 2205 877 2247 sed
899 2205 1047 2248 adhuc
1070 2204 1309 2260 episcopus
1330 2218 1422 2246 non
1439 2201 1641 2259 permisit
1660 2208 1709 2245 ut
1726 2201 1898 2246 scribe-

262 2297 373 2326 rem.
401 2282 574 2326 Aderat
598 2288 706 2324 tunc
730 2282 887 2324 Rmus.
915 2280 1141 2338 agriensis
1161 2281 1195 2334 ³,
1215 2280 1388 2337 primus
1404 2286 1506 2336 post
1527 2278 1895 2335 strigoniensem,

256 2359 338 2415 qui
361 2373 497 2402 manu
520 2365 743 2414 porrecta,
770 2357 938 2413 inquit:
974 2358 1218 2402 «Gratulor
1241 2357 1337 2410 tibi,
1364 2370 1564 2413 agnosco
1587 2362 1632 2399 te
1653 2362 1894 2407 oratorem,

259 2435 442 2491 erisque
458 2436 579 2492 apud
601 2450 674 2479 me
695 2434 802 2477 boni
825 2434 1018 2478 nominis
1044 2441 1090 2478 et
1106 2433 1279 2477 amicus
1295 2447 1487 2489 semper.
1499 2449 1517 2472 »
1539 2433 1607 2477 Ex
1624 2446 1678 2476 eo
1695 2438 1898 2487 tempore

262 2513 421 2556 Rmus.
448 2510 764 2568 strigoniensis
794 2525 971 2567 semper
998 2511 1137 2554 instat
1160 2517 1211 2552 ut
1242 2517 1287 2555 et
1315 2508 1570 2566 Tyrnauiae
1597 2522 1820 2560 maneam,
1851 2513 1896 2550 et

262 2589 446 2633 omnino
468 2589 515 2632 in
537 2589 640 2632 aula
662 2602 760 2631 sua.
787 2589 835 2630 In
866 2589 968 2631 aula
996 2587 1201 2631 habitare
1232 2602 1325 2630 non
1352 2585 1508 2642 cupio,
1539 2599 1688 2640 neque
1720 2586 1897 2640 Tyrna-

262 2665 379 2718 uiae,
406 2665 491 2709 nisi
514 2664 770 2709 obedientia
797 2664 993 2708 iusserit.
1019 2667 1090 2708 De
1119 2664 1263 2721 primo
1292 2678 1383 2706 non
1412 2669 1482 2707 est
1510 2661 1740 2705 reddenda
1762 2659 1892 2704 ratio.

262 2744 333 2786 De
355 2743 558 2786 secundo
581 2744 693 2784 haec
714 2755 813 2785 esse
842 2748 990 2797 potest
1012 2756 1121 2797 prae
1143 2740 1256 2784 aliis:
1283 2740 1389 2795 quia
1411 2754 1502 2782 non
1525 2746 1594 2781 est
1615 2737 1662 2780 in
1684 2752 1775 2794 quo
1797 2743 1897 2792 stu7
1938 2772 1945 2778 .

257 2818 334 2862 dia
356 2832 607 2872 exerceam3
633 2832 737 2861 nam
769 2817 843 2860 cui
875 2824 1055 2875 tempus
1083 2832 1175 2861 non
1205 2818 1360 2860 datum
1384 2822 1452 2861 est
1474 2815 1560 2858 sub
1581 2820 1906 2871 praeceptore„

260 2895 390 2939 labor
412 2894 618 2939 lectionis
640 2893 843 2951 priuatae
865 2901 910 2937 et
931 2893 1140 2951 publicae
1163 2908 1267 2938 eum
1290 2893 1453 2936 docere
1481 2892 1637 2944 debet,
1671 2904 1787 2946 quae
1807 2887 1899 2931 dif-

337 3005 342 3023 ¹
396 2991 485 3046 Ms.,
504 3002 670 3047 synoda.

329 3063 343 3082 ‘2
396 3061 488 3095 Ant.
510 3059 739 3096 Verantius.
762 3059 900 3107 GAMS,
917 3058 1053 3096 Series
1070 3060 1205 3106 episc„
1225 3069 1314 3105 pag.
1333 3056 1417 3101 368.
