2196 3522
371 330 419 368 16
935 327 979 362 Ρ.
1008 326 1197 361 NATAms
1223 325 1445 360 EPHEMER.

360 447 480 475 rum:
508 430 628 473 misit
652 436 810 486 postea
832 429 879 472 in
902 427 1098 472 Galliam
1120 426 1167 469 in
1188 425 1508 480 ministerium,
1532 427 1611 470 vbi
1632 427 1745 471 nihil
1767 428 1891 472 aliud
1914 430 2014 474 fere

358 507 496 567 [fecit]
520 521 655 564 quam
678 520 782 549 cum
804 520 972 562 magna
989 502 1216 561 aegritudi
1235 502 1324 563 [ne]
1343 503 1423 546 48
1440 504 1728 548 conflictatus
1744 511 1830 560 est;
1851 512 2007 550 tamen
2030 516 2034 517 ’

357 586 562 630 seculare
585 584 812 639 quoddam
842 581 1088 639 negocium
1117 580 1275 624 matris
1304 595 1473 637 magna
1500 580 1738 639 diligentia
1765 582 1813 626 in
1839 591 2008 629 senatu

356 661 545 718 aquensi
568 660 780 705 confecit.
808 662 964 716 Quum
988 659 1180 704 redisset
1195 660 1403 711 Romam,
1423 672 1477 702 ac
1493 658 1680 715 obijsset
1698 662 1751 704 P.
1773 660 2001 718 Ignatius,¹

357 739 507 783 visum
530 745 600 784 est
624 737 748 782 Patri
770 737 941 780 vicario
967 736 1094 779 illum
1127 736 1277 780 facere
1304 736 1468 779 domus
1490 750 1703 781 romanae
1725 737 2001 782 ministrum:

352 817 598 861 timebatur
620 815 741 860 enim
764 814 924 872 capitis
946 814 1045 858 eius
1067 813 1274 867 durities,
1302 828 1420 869 quae
1448 813 1513 856 illi
1540 828 1718 871 semper
1740 814 1877 859 infuit
1904 815 2005 860 sin-

351 893 540 952 gularis:
557 893 802 938 timebatur
819 892 1009 949 pristina
1026 890 1229 936 ambitio:
1249 892 1518 947 sperabatur
1535 891 1631 936 fore
1648 891 1775 935 illum
1793 891 2001 949 quietum

353 971 401 1013 in
423 970 710 1027 magistratu,
736 969 868 1014 cuius
891 968 1133 1013 videbatur
1154 983 1255 1012 esse
1277 967 1455 1011 fortiter
1483 975 1717 1025 appetens.
1745 970 1852 1013 Hoc
1875 970 2002 1014 facto

352 1047 560 1091 ministro
585 1048 720 1103 paulo
748 1046 754 1105 Ι
783 1045 1076 1090 commodiori
1098 1046 1355 1098 vtebamur;
1381 1045 1462 1088 sed
1484 1046 1779 1090 obseruatum
1801 1053 1873 1090 est
1893 1061 2001 1091 eum

354 1124 545 1182 pristino
567 1139 652 1167 suo
673 1126 791 1168 malo
813 1139 905 1167 non
922 1123 1069 1166 solum
1086 1137 1182 1166 non
1199 1137 1300 1167 esse
1316 1121 1575 1176 liberatum,
1594 1124 1675 1167 sed
1692 1122 2001 1180 importunius

355 1203 505 1245 adhuc
527 1201 696 1258 vrgeri,
717 1217 821 1245 nam
844 1209 890 1245 et
911 1217 937 1245 a
961 1203 1098 1245 Patre
1115 1198 1284 1243 vicario
1300 1214 1393 1244 non
1409 1200 1550 1244 semel
1566 1200 1698 1257 petijt
1714 1207 1765 1244 vt
1781 1200 1868 1244 sibi
1884 1215 2000 1245 con-

351 1280 591 1324 cederetur
612 1279 832 1336 professio
854 1292 882 1334 4
903 1286 1130 1323 votorum:
1165 1277 1297 1322 iussit
1325 1279 1465 1321 Pater
1491 1277 1691 1322 vicarius
1722 1278 1850 1322 illum
1876 1279 2000 1324 bene

352 1371 550 1413 sperare:
591 1356 704 1399 dixit
733 1357 908 1400 nullum
936 1371 1070 1413 posse
1098 1354 1426 1412 professionem
1463 1354 1672 1400 emittere
1699 1355 1846 1399 donec
1869 1347 1995 1400 'desi—

350 1441 520 1491 gnatus
534 1441 654 1478 esset
671 1434 896 1491 generalis
913 1433 1217 1490 praepositus:
1235 1432 1298 1475 illi
1312 1447 1441 1476 suam
1457 1447 1642 1489 operam
1660 1440 1730 1478 est
1745 1417 2010 1490 pollicituss

349 1513 454 1555 Non
476 1518 724 1567 potuerunt
746 1513 858 1556 haec
881 1513 1040 1554 sedare
1061 1511 1160 1554 eius
1182 1509 1474 1563 desiderium,
1495 1509 1627 1553 cuius
1644 1516 1735 1553 tam
1751 1509 1997 1555 videbatur

350 1603 451 1632 esse
473 1588 698 1645 impotens
715 1595 764 1632 vt
784 1588 990 1632 auditum
1007 1590 1064 1632 ab
1081 1603 1136 1632 eo
1153 1587 1213 1631 sit
1229 1602 1294 1641 se,
1313 1586 1350 1630 si
1367 1601 1460 1631 non
1474 1588 1605 1632 fieret
1621 1587 1872 1644 professus,
1893 1587 1967 1632 abi
1981 1613 1995 1619 -

348 1672 502 1708 turum
524 1665 675 1721 aliquo
698 1680 754 1709 ne
776 1666 952 1710 videret
974 1664 1381 1722 congregationem
1404 1665 1682 1722 generalem.
1704 1665 1862 1721 Quum
1879 1679 1995 1709 vero

348 1744 509 1786 Patres
531 1742 610 1796 illi,
635 1744 692 1786 de
714 1742 879 1804 quibus
901 1743 1009 1795 dixi,
1034 1743 1268 1786 venissent
1294 1743 1324 1795 ¹,

631 1895 1106 1956 [EPHEMERIDUM
1139 1897 1302 1942 PARS
1334 1897 1631 1941 SECUNDA
1655 1897 1669 1916 ²

1033 2012 1248 2046 1553-156

1102 2183 1230 2230 1553]

398 2290 400 2293 ’
424 2284 454 2326 1
490 2283 869 2327 constitutionum
892 2292 1074 2341 propter
1096 2283 1451 2337 festinationem,
1476 2298 1570 2327 non
1591 2282 1712 2328 enim
1739 2290 1871 2327 erant
1897 2298 1980 2328 ex-

338 2359 573 2417 scriptum,
599 2367 646 2405 et
667 2375 780 2416 quas
796 2362 1019 2405 habebam
1042 2362 1219 2405 institui
1250 2376 1306 2405 ex
1338 2361 1525 2417 antiquo
1556 2359 1803 2417 exemplari
1827 2361 1979 2406 facere

409 2493 419 2512 ¹
470 2490 551 2536 Sic,
572 2490 769 2527 sententia
786 2491 1035 2539 incompleta,
1056 2492 1218 2540 explicit
1235 2491 1359 2540 prima
1375 2502 1465 2539 pars
1482 2490 1815 2539 Ephemeridum.

404 2552 418 2571 ²
470 2549 571 2585 Vide
588 2549 693 2586 dicta
717 2561 847 2597 supra,
866 2562 983 2597 pagg.
1005 2560 1020 2587 1
1043 2557 1083 2587 et
1107 2541 1278 2587 zannot.
1302 2559 1335 2597 1,
1354 2550 1403 2586 de
1422 2550 1495 2585 hac
1516 2550 1638 2585 altera
1655 2549 1976 2597 Ephemeridum

331 2613 456 2656 parte,
475 2609 587 2655 cujus
611 2608 766 2645 initium
789 2610 952 2657 periisse
977 2611 1147 2656 videtur,
1171 2616 1215 2647 ut
1238 2610 1444 2658 perspicue
1466 2609 1592 2657 liquet
1615 2621 1665 2645 ex
1689 2609 1826 2656 primis
1839 2610 1974 2646 verbis

328 2668 412 2704 folii
433 2677 466 2715 1,
481 2680 647 2716 quorum
665 2680 805 2704 sensus
824 2682 873 2705 ex
891 2670 1221 2716 praecedentibus
1238 2670 1399 2718 pendet,
1418 2669 1561 2717 quibus
1576 2668 1811 2717 principium
1823 2681 1919 2706 suae
1933 2669 1976 2705 inv

329 2728 572 2764 Lusitaniam
590 2728 788 2764 missionis
807 2741 1009 2769 enarrasse
1024 2730 1194 2766 videtur.
1214 2731 1271 2765 Ea
1284 2734 1417 2765 tamen
1431 2730 1614 2776 supplere
1628 2728 1744 2765 facile
1753 2728 1906 2778 poteris
1923 2741 1974 2765 ex

328 2787 391 2833 iis,
411 2799 510 2835 quae
536 2787 663 2823 fusius
691 2787 775 2835 ipse
800 2788 923 2824 Nadal
949 2789 997 2825 de
1022 2791 1094 2826 hae
1120 2789 1372 2837 expeditione
1396 2788 1554 2836 scripsit
1578 2788 1619 2825 in
1646 2788 1823 2836 epistolis
1848 2788 1976 2834 53-60..

326 2846 476 2882 Sensus
495 2859 589 2882 vero
607 2846 722 2893 hujus
742 2847 890 2894 periodi
909 2849 1164 2895 imperfectae
1182 2849 1238 2885 ita
1254 2849 1436 2885 Natalem
1460 2849 1634 2884 voluisse
1653 2847 1873 2893 exprimere
1890 2858 1976 2884 cre-

324 2906 466 2942 dimus:
488 2907 618 2942 Roma
642 2907 688 2942 in
715 2906 971 2943 Lusitaniam
991 2909 1150 2952 missus,
1170 2920 1252 2944 non
1269 2920 1424 2945 mecum
1448 2908 1610 2956 deferre
1621 2908 1742 2956 potui
1763 2907 1972 2955 exemplar

322 2966 670 3007 constitutionum,
684 2969 854 3013 propter
863 2966 1188 3014 festinationem,
1208 2980 1290 3004 non
1303 2969 1411 3004 enim
1426 2971 1515 3004 erat
1527 2968 1786 3016 exscriptum,
1800 2969 1850 3010 et,
1866 2978 1969 3013 quas

293 3037 297 3040 ’
322 3025 526 3068 habebam,
546 3028 664 3061 erant
688 3027 982 3072 compendium,
1003 3030 1108 3073 quod
1131 3040 1177 3064 ex
1195 3029 1364 3075 antiquo
1387 3028 1614 3075 exemplari
1627 3027 1770 3075 facere
1787 3023 1964 3073 incoepe-

321 3097 429 3120 ram.
460 3085 547 3121 Hoc
575 3088 711 3121 autem
745 3087 977 3133 compendio
1013 3100 1106 3123 usus
1130 3088 1207 3134 fui
1235 3089 1334 3124 dum
1367 3090 1604 3135 exponerem
1638 3086 1818 3123 examen.
1856 3085 1962 3121 Vide
1991 3115 1994 3118 ⁴
2061 3104 2068 3105 ff

321 3145 451 3192 Epist.
472 3144 627 3187 Natat„
647 3145 679 3190 1,
702 3144 782 3192 186,
806 3157 873 3181 nn.
891 3153 929 3193 7,
947 3145 983 3182 8.
1506 3177 1509 3180 Α
1557 3161 1578 3170 --
1615 3135 1731 3185 2421ae
1747 3160 1760 3182 v.
1783 3182 1788 3184 ,
