2196 3522
985 283 989 286 ’
1017 298 1107 336 1557
1834 299 1882 336 55

237 392 518 436 testabamur
545 393 818 450 exemplum:
854 406 1035 436 eramus
1063 392 1178 437 adeo
1205 391 1433 449 simplices
1460 398 1511 435 vt
1538 406 1773 448 nunquam
1794 407 1882 450 pu-

264 468 272 528 Ι
300 468 534 528 [ta]remus
550 473 755 514 futurum
772 478 821 514 vt
837 485 863 515 e
878 469 1047 515 nostris
1063 476 1369 527 emergerent,
1389 468 1468 526 qui
1485 469 1762 515 Societatem
1778 471 1883 514 vni-

242 560 423 591 uersam
446 561 714 604 oppugnare
735 549 958 594 auderent
983 549 1013 592 ¹.

333 625 489 680 Quum
506 624 656 668 omnia
667 624 980 682 impleuissent
996 626 1011 646 ²
1031 624 1382 682 suspicionibus,
1396 631 1447 667 vt
1469 624 1591 668 aliud
1607 640 1700 668 non
1716 624 1883 678 dicam,

180 764 182 766 Υ
241 708 288 746 et
302 701 465 745 effictis
483 701 648 746 fabulis
666 702 901 746 Bobadilla
916 709 963 746 et
980 701 1190 755 Pontius,
1208 708 1254 747 et
1271 701 1532 746 auidissime
1547 701 1668 748 vires
1690 703 1883 746 coniun-

238 778 428 832 xissent,
454 793 507 823 ac
525 795 597 824 res
614 786 841 836 spectaret
858 780 916 823 ad
935 778 1171 832 iudicium;
1191 792 1247 822 eo
1268 777 1390 823 enim
1413 778 1678 823 nitebantur
1706 779 1751 822 hi
1775 780 1885 824 boni

240 856 417 910 Patres;
443 856 668 900 consultis
691 857 920 909 Patribus,
944 855 1151 900 decreuit
1172 854 1371 899 vicarius
1393 869 1488 900 rem
1506 871 1597 900 non
1615 870 1715 901 esse
1732 857 1881 914 negli-

238 933 453 990 gendam,
478 934 559 978 sed
580 934 777 977 dandam
798 948 983 990 operam
1003 948 1062 978 ne
1083 932 1194 989 quid
1226 932 1487 978 detrimenti
1516 941 1699 990 caperet
1723 934 1883 980 Socie-

241 1016 325 1054 tas:
349 1011 545 1067 primum
565 1009 707 1068 igitur
739 1010 1091 1056 demesticorum
1113 1010 1287 1054 animos
1309 1010 1694 1054 confir98mauit:
1720 1011 1885 1055 indixit

240 1087 611 1133 mortificationes
638 1087 760 1132 domi
787 1095 834 1134 et
860 1087 908 1132 in
935 1087 1147 1145 collegio,
1177 1094 1228 1131 vt
1255 1087 1462 1144 quotidie
1490 1087 1751 1133 dicerentur
1778 1088 1883 1133 lita-

244 1164 362 1218 niae,
387 1172 433 1210 et
454 1173 607 1210 essent
627 1165 960 1223 flagellationes
981 1165 1154 1222 aliquot
1175 1164 1370 1222 singulis
1402 1165 1714 1218 hebdomadis,
1739 1167 1885 1210 multa

244 1242 428 1295 ieiunia,
463 1243 625 1287 fratres
656 1243 725 1287 bis
757 1243 1145 1288 communicarent
1176 1242 1370 1300 singulis
1405 1243 1718 1296 hebdomadis,
1757 1251 1808 1287 vt
1836 1243 1883 1286 in

243 1319 455 1364 omnibus
477 1319 710 1377 sacrifieijs
732 1318 897 1365 missae
925 1321 1185 1365 sacerdotes
1211 1322 1311 1364 Deo
1340 1321 1533 1365 salutem
1564 1327 1611 1365 et
1638 1321 1883 1378 perfectio-

244 1411 348 1441 nem
385 1397 625 1442 Societatis
661 1399 1055 1452 commendarent,
1093 1397 1274 1455 proprie
1310 1412 1419 1443 vero
1448 1397 1619 1455 singuli
1654 1400 1669 1420 ³
1701 1412 1726 1454 3
1755 1413 1885 1442 sacra

243 1474 438 1532 singulis
454 1475 750 1519 hebdomadis
767 1475 1061 1532 applicarent.
1089 1475 1288 1520 Maxima
1315 1474 1322 1534 Ι
1348 1490 1454 1532 pars
1483 1476 1672 1519 fratrum
1703 1475 1885 1533 repetijt

239 1551 459 1596 exercitia
501 1551 766 1609 spiritualia:
809 1553 1048 1598 feruebant
1090 1552 1241 1596 omnia
1278 1552 1541 1607 deuotione,
1586 1552 1881 1610 poenitentia,

242 1628 405 1686 spiritu
429 1630 461 1674 ⁴.

331 1691 452 1752 Dein
473 1708 531 1751 ad
553 1722 668 1764 quos
689 1722 971 1753 commeasse
995 1707 1275 1752 Bobadillam
1297 1715 1344 1752 et
1362 1708 1577 1752 Pontium
1595 1708 1769 1754 sciebat
1794 1711 1883 1752 Pa·

234 1791 311 1829 'ter
357 1783 572 1839 vicarius,
604 1799 658 1829 ac
685 1800 792 1830 suas
831 1785 935 1846 [res]
972 1785 1214 1839 detulisse,
1247 1800 1327 1831 eos
1369 1785 1528 1840 adiuit,
1559 1800 1629 1839 ac,
1676 1785 1882 1843 exposita

242 1861 451 1915 veritate,
477 1862 740 1907 Bobadillae
761 1871 807 1906 et
831 1863 981 1919 Pontij
1001 1863 1167 1920 repulit
1190 1865 1205 1886 ⁵
1228 1863 1558 1908 accusationes.

333 1938 584 1983 Constituit
611 1939 658 1983 in
679 1939 896 1983 iudicium
925 1940 1082 1985 venire
1110 1942 1168 1984 ad
1194 1955 1457 1998 carpensem
1487 1941 1778 1995 cardinalem;
1804 1943 1886 1985 sed

240 2017 353 2060 haec
375 2015 438 2059 ita
467 2022 663 2061 tractare
689 2016 856 2070 omnia,
887 2024 938 2060 vt
967 2017 1312 2063 Bobaoodillae
1339 2017 1613 2063 existimatio
1642 2033 1700 2063 ne
1727 2019 1881 2063 laede—

242 2099 367 2138 retur
393 2092 481 2137 nisi
508 2094 781 2147 necessario,
815 2093 854 2138 si
882 2095 1066 2151 quando
1094 2095 1263 2139 veritas
1293 2095 1550 2141 necessaria
1586 2095 1716 2141 aliter
1746 2097 1886 2140 asseri

240 2183 333 2213 non
349 2177 519 2227 posset.
540 2171 656 2214 Illud
671 2178 907 2228 praeterea
922 2172 1217 2228 prouidenter
1238 2172 1377 2227 cauit,
1396 2181 1446 2216 vt
1462 2172 1510 2216 in
1533 2180 1628 2217 tota
1643 2175 1729 2217 hac
1746 2187 1886 2218 causa

241 2246 422 2304 scriptis
443 2247 625 2304 publica
647 2263 739 2292 non
762 2264 1019 2306 ageremus,

330 2324 446 2368 Illud
467 2332 621 2370 autem
642 2340 808 2383 operae
835 2326 1037 2383 precium
1058 2326 1524 2385 estfanimaduertere,
1560 2343 1702 2385 quum
1733 2329 1885 2372 Boba—

245 2400 352 2446 dilla
379 2409 424 2447 et
453 2402 648 2447 Pontius
676 2418 910 2460 nunquam
939 2418 1032 2448 non
1057 2403 1325 2459 scriberent,
1356 2420 1409 2450 ac
1435 2420 1543 2450 suas
1573 2405 1887 2449 accusationes

245 2477 520 2523 seminarent
542 2495 622 2537 per
642 2482 818 2536 vrbem,
844 2482 1015 2526 factum
1036 2488 1122 2537 est,
1147 2481 1235 2527 Dei
1255 2482 1478 2540 singulari
1507 2482 1810 2540 prouidentia,
1836 2489 1886 2525 vt

248 2555 343 2598 fere
370 2555 522 2600 omnia
550 2556 854 2615 chirographa
881 2558 926 2602 in
944 2573 1107 2603 manus
1133 2558 1343 2604 venirent
1370 2559 1376 2619 Ι
1405 2560 1554 2605 Patris
1582 2559 1754 2616 vicarij,
1779 2574 1883 2603 nam

244 2632 318 2676 vel
339 2631 426 2676 illis
447 2632 810 2689 imprudentibus
830 2635 1102 2681 excidebant
1128 2635 1176 2679 in
1197 2636 1288 2691 via,
1313 2645 1359 2683 et
1379 2652 1406 2682 a
1427 2637 1567 2691 socio,
1593 2636 1670 2694 qui
1692 2638 1889 2681 dabatur

242 2708 460 2764 probatus
482 2709 637 2763 frater,
655 2711 1015 2769 excipiebantur,
1039 2713 1114 2757 vel
1134 2712 1182 2756 in
1203 2727 1360 2758 eorum
1382 2714 1606 2758 cubiculis
1628 2728 1708 2771 per
1725 2727 1884 2759 eorum

313 2872 324 2892 ¹
375 2869 466 2916 Ms.,
484 2871 665 2907 auderet.
685 2871 747 2909 Cf.
768 2873 878 2910 Sacc
887 2881 1033 2921 umus,
1047 2875 1123 2911 loc.
1142 2875 1228 2921 cit.‚
1247 2887 1286 2911 n.
1305 2883 1371 2921 77.

313 2930 327 2950 ²
377 2929 468 2976 Ms.,
487 2930 748 2977 impleuisset.

316 2990 330 3010 ⁵
380 2988 470 3034 Ms.,
485 2989 647 3037 singuli
662 2990 839 3039 singuli.

316 3048 333 3068 ⁴
381 3048 641 3095 SAccmNus,
661 3050 736 3085 loe.
755 3050 841 3097 cit.,
859 3063 899 3087 n.
918 3051 978 3096 78.

320 3109 336 3130 ⁵
385 3108 475 3154 Ms.,
490 3109 703 3156 repulerit.
