2196 3522
1016 324 1103 370 1561
1169 340 1172 341 ⁷
1831 331 1880 371 79

235 426 558 482 vituperabant
585 425 707 469 illam
746 425 1008 471 abitionem.
1049 427 1277 471 Acerbius
1312 441 1423 473 vero
1457 427 1614 472 inuehi
1650 426 1881 484 hispalim--

237 517 352 556 sem,
377 509 465 548 etc.
492 504 655 546 Totam
677 503 922 547 Castellam
943 505 1138 561 flagrare
1166 504 1339 549 inuidia
1359 505 1481 549 illius
1501 505 1732 550 discessus
1756 505 1786 547 ¹.

329 580 430 637 Ego
450 595 576 634 vero,
601 579 678 623 vbi
699 580 901 625 intellexi
921 580 1049 624 illum
1068 581 1286 626 Baionam
1302 583 1583 639 peruenisse,
1604 583 1727 639 quod
1741 581 1884 626 decu-

239 656 416 701 buisset
426 656 700 714 Villalpandi
716 671 774 700 ex
791 657 931 710 febre,
946 658 1071 714 quod
1088 659 1279 702 relatum
1305 658 1314 717 Ι
1342 659 1503 704 fuisset
1519 659 1885 716 adhispalensem

241 735 300 778 de
321 733 420 778 eius
441 734 736 791 profectione,
761 749 902 790 quum
924 741 1046 779 esset
1067 735 1357 792 Villalpandi,
1376 738 1464 780 hoc
1481 743 1551 780 est
1566 751 1656 780 non
1674 737 1813 793 longe
1829 735 1887 780 ab

242 811 364 865 aula,
403 811 597 868 primum
634 813 928 856 vehementer
964 812 1206 868 quamdam
1243 827 1404 868 passus
1441 812 1801 866 admirationem,
1841 819 1888 856 et

244 888 399 932 nescio
420 888 529 944 quid
550 888 733 932 virtutis
754 887 938 932 diuinae
965 895 1012 932 et
1039 902 1206 932 nouam
1228 903 1379 933 rerum
1401 889 1448 933 in
1472 892 1525 933 P.
1550 891 1587 933 F
1590 889 1795 934 rancisco
1820 890 1889 934 fa—

243 965 378 1017 ciem,
404 965 532 1022 quasi
553 965 755 1010 viderem
769 981 803 1010 e
824 979 962 1009 manu
983 965 1168 1021 Domjni
1189 965 1312 1009 illam
1334 967 1635 1023 gubernatam
1657 981 1759 1011 esse
1781 981 1887 1024 pro-

246 1042 507 1097 fectionem,
521 1049 660 1099 atque
673 1049 917 1099 expectans
927 1056 1143 1099 quorsum
1160 1044 1342 1086 tandem
1357 1043 1433 1087 illa
1446 1043 1662 1088 euaderet
1679 1043 1887 1096 mutatio,

250 1134 399 1175 neque
426 1119 544 1163 enim
582 1119 824 1164 videbatur
858 1133 1071 1175 vnquam·
1095 1119 1235 1164 fuisse
1271 1119 1419 1164 iturus
1456 1122 1662 1173 Romam,
1697 1119 1784 1164 nisi
1816 1120 1892 1164 illa

248 1196 528 1249 euenissent,
553 1211 670 1253 quae
707 1197 913 1241 fecerunt
948 1203 998 1239 vt
1034 1196 1110 1241 ille
1146 1198 1335 1241 Romam
1373 1197 1503 1254 quasi
1530 1197 1788 1242 necessario
1811 1213 1888 1242 ve·

256 1273 390 1326 niret,
415 1280 503 1318 etc.

342 1351 448 1394 155
506 1351 622 1394 Illud
642 1350 777 1394 simul
797 1349 885 1394 iam
910 1350 1015 1395 inde
1037 1351 1191 1405 statui,
1227 1351 1429 1396 noluisse
1446 1352 1748 1410 hispalensem
1765 1351 1895 1408 quie-

254 1442 391 1484 quam
413 1427 558 1470 moliri
580 1427 627 1470 in
650 1429 702 1471 P.
730 1429 765 1470 F
769 1427 1038 1482 ranciscum;
1064 1443 1290 1485 nusquam
1317 1428 1438 1472 enim
1466 1429 1682 1474 maiorem
1711 1443 1895 1473 causam

254 1505 519 1559 obtendere,
558 1518 694 1560 quam
731 1504 769 1548 si
790 1520 848 1548 ex
868 1504 1029 1550 itinere
1059 1505 1186 1549 illum
1216 1514 1493 1560 reuocasset3
1527 1521 1613 1550 nec
1645 1506 1785 1551 fuisse
1815 1520 1898 1550 cur

257 1588 482 1627 metueret
504 1584 556 1625 P.
583 1583 619 1624 F
623 1581 870 1626 ranciscus:
901 1597 982 1639 per
1009 1582 1202 1626 mediam
1231 1584 1381 1628 aulam
1403 1583 1605 1628 discesse
1629 1585 1681 1627 P.
1708 1585 1897 1628 Petrum

255 1659 437 1713 Sotum,
462 1657 539 1714 qui
561 1659 708 1716 magis
729 1659 815 1702 sibi
844 1659 1045 1713 timebat;
1072 1675 1166 1704 non
1193 1660 1337 1706 fuisse
1365 1667 1517 1710 tamen
1543 1660 1895 1717 interpellatum.

348 1736 646 1793 Negleximus
682 1737 951 1782 castellanos
987 1751 1192 1782 rumores
1229 1745 1276 1781 et
1306 1723 1657 1782 exclamationes
1695 1737 1896 1794 Araozij:

261 1812 443 1871 egimus
479 1815 580 1858 Deo
618 1814 805 1871 gratias,
836 1815 959 1870 quod
986 1814 1074 1858 iam
1103 1822 1232 1859 extra
1259 1815 1266 1873 Ι
1292 1815 1544 1872 perieulum
1589 1821 1710 1859 esset
1753 1816 1902 1859 bonus

268 1893 405 1934 Pater
425 1892 459 1934 ².
723 1902 726 1905 '

358 1968 547 2013 Missum
569 1984 596 2012 a
624 1971 760 2012 Patre
787 1969 913 2013 illum
942 1970 1125 2028 fratrem
1155 1969 1435 2026 perusinum,
1461 1969 1539 2026 qui
1561 1984 1717 2014 secum
1734 1969 1906 2014 diceret

264 2045 575 2103 dispensatum
598 2061 624 2090 a
647 2049 799 2101 Patre,
830 2046 1032 2091 misimus
1063 2046 1314 2100 Brasiliam,
1339 2061 1457 2103 quae
1479 2046 1635 2091 missio
1665 2047 1782 2091 male
1803 2060 1905 2090 ces-

268 2123 344 2177 sit,
363 2130 451 2167 etc.

358 2200 448 2244 Hic
469 2200 772 2245 intelleximus
793 2217 851 2246 ex
866 2201 1008 2245 literis
1025 2200 1222 2246 romanis
1239 2201 1427 2246 missum
1447 2204 1630 2247 Patrem
1648 2201 1908 2258 generalem

268 2291 373 2321 cum
396 2278 611 2321 cardinali
634 2278 890 2322 ferrariensi
926 2279 973 2322 in
1009 2278 1205 2323 Galliam
1237 2279 1294 2322 ad
1330 2286 1610 2324 conuentum
1639 2277 1906 2335 poisiaeum,

270 2355 455 2400 duxisse
471 2369 627 2399 secum
645 2358 697 2400 P.
720 2357 986 2409 Polancum,
1006 2356 1273 2413 designasse
1291 2356 1508 2400 vicarium
1526 2359 1709 2401 Patrem
1727 2355 1911 2411 quidem

276 2433 601 2488 Salmeronem;
625 2434 700 2477 hic
727 2434 836 2476 dum
864 2435 1035 2478 Romae
1064 2434 1507 2491 exlfflpeetaretur,
1532 2436 1592 2478 D.
1619 2432 1907 2478 Madridium.

366 2510 673 2555 Intelleximus
710 2513 764 2554 P.
791 2512 972 2567 Laynez
994 2511 1194 2555 voluisse
1215 2511 1443 2567 deponere
1465 2511 1796 2568 generalatum‚
1831 2510 1914 2552 sed

278 2585 589 2632 intercessisse
610 2589 731 2644 apud
753 2588 884 2632 Pium
910 2591 962 2632 P.
988 2588 1219 2634 Stradium
1242 2595 1288 2633 et
1312 2589 1579 2642 Polancum3
1604 2586 1683 2643 qui
1715 2588 1914 2644 abroga-

280 2662 348 2706 uit
368 2662 567 2730 edictum
589 2664 720 2708 Pauli
741 2664 799 2719 4.i
821 2666 879 2710 de
901 2665 1096 2710 triennio
1118 2665 1361 2722 generalis;
1386 2672 1433 2710 et
1449 2666 1741 2708 confirmasse
1763 2664 1915 2707 denuo

279 2739 646 2785 constitutiones.

369 2816 580 2861 Liberaui
601 2817 879 2873 prouinciam
903 2833 1041 2864 onere
1064 2819 1215 2863 Caroli
1237 2819 1477 2876 Aragonij,
1509 2833 1600 2874 quo
1623 2819 1918 2862 vehementer

280 2893 526 2951 cupiebant
546 2893 703 2938 leuari.
733 2894 863 2937 Illum
891 2895 1001 2938 duxi
1037 2911 1232 2940 mecum.
1259 2897 1368 2939 Erat
1389 2895 1577 2939 omnino
1606 2893 1921 2951 designandus

284 2970 590 3028 prouincialis:
602 2970 728 3014 visus
745 2971 926 3015 tandem
944 2979 1014 3016 est
1029 2972 1340 3030 designandus
1354 2975 1406 3017 P.
1421 2972 1654 3028 Goncalus
1671 2970 1857 3016 Vazius.
1887 2971 1896 3028 Ι
1944 3007 1947 3009 .

362 3079 373 3099 ¹
423 3077 685 3124 SACCHINUS,
704 3077 779 3112 loc.
794 3075 879 3124 cit.,
897 3089 937 3113 n.
957 3078 1018 3113 28.

361 3139 376 3158 ³
426 3136 686 3174 SAccfflNus.
706 3137 781 3172 loc.
800 3136 885 3181 cit.,
904 3149 948 3173 n.
971 3136 1030 3172 28.
