2196 3522
915 275 962 315 29
985 267 1100 315 Jtmn
1127 264 1219 314 1563
1822 267 1891 306 321

200 372 215 387 ⁸
255 373 376 430 Quel
404 371 549 416 amico
568 373 655 417 che
676 370 911 428 applicaua
946 383 1058 414 1000
1087 369 1240 414 ducati
1269 370 1312 414 al
1346 369 1541 427 collegio
1566 370 1624 414 de
1645 363 1820 426 Alcala,
1844 386 1894 416 se

256 450 418 495 risolse
438 450 496 494 de
517 448 714 506 applicat
742 461 871 503 1400,
890 455 936 492 et
957 449 1000 492 la
1022 462 1174 491 mezza
1192 455 1319 504 parte
1341 448 1512 505 godera
1533 448 1659 492 detto
1680 448 1889 505 collegi0;

256 528 404 574 l'altra
424 541 567 585 penso
588 526 739 583 quello
761 526 807 569 di
829 528 972 570 Roma
993 540 1073 583 per
1100 526 1277 579 adesso,
1308 526 1475 582 perche
1501 525 1565 569 lui
1592 525 1754 571 istesso
1774 525 1894 570 intra

255 605 375 649 nella
396 601 695 662 Compagnia;
720 611 765 648 et
788 606 934 648 anche
950 602 1101 647 d'altri
1118 602 1376 660 particolari
1392 602 1430 646 si
1447 617 1600 647 uanno
1617 603 1808 649 facendo
1825 604 1892 648 al-

255 682 362 728 cuni
384 682 563 740 disegni
584 681 741 737 buoni,
767 682 943 726 benche
974 681 1125 737 quello
1155 680 1200 723 di
1229 680 1391 736 Napoli
1420 695 1513 724 non
1537 680 1679 725 riesce
1707 695 1888 736 ancora,

255 776 314 807 ne
341 760 379 804 si
406 762 497 818 puo
527 775 664 804 cauar
693 759 863 814 niente,
894 773 974 816 per
1006 773 1069 802 un
1102 765 1256 815 tempo
1279 759 1322 801 al
1343 772 1492 803 meno.
1519 759 1555 801 Il
1581 758 1774 816 disegno
1806 761 1891 804 che

254 840 311 884 V.
339 840 393 883 R.
425 838 574 882 scriue
601 837 706 882 delli
732 835 993 881 monasterii
1020 835 1066 879 di
1087 834 1349 889 cartusiani,
1374 834 1474 879 dice
1495 837 1553 880 N.
1589 837 1639 879 Ρ.
1671 838 1771 889 che,
1806 851 1890 881 ue-

253 917 404 960 nendo
426 915 678 971 occasione,
703 915 741 959 si
763 916 893 972 potra
914 913 1166 972 proponere
1187 928 1214 957 a
1235 914 1385 969 quella
1406 928 1619 970 persona,
1643 914 1761 958 della
1783 915 1888 970 qual

253 994 404 1039 scriue
424 995 482 1038 V.
509 996 584 1048 R.,
609 993 784 1037 benche
804 1007 896 1036 non
918 993 944 1036 6
967 998 1093 1036 tanto
1122 990 1371 1046 intrinsica,
1403 1005 1536 1035 come
1557 991 1615 1053 ad
1641 991 1742 1035 altri
1771 993 1887 1036 d’al—

254 1079 322 1116 tra
343 1071 452 1129 liga,
477 1077 775 1128 quantunque
795 1069 837 1114 ci
859 1068 1016 1114 mostri
1038 1070 1191 1113 buona
1211 1068 1413 1113 uolonta.
1440 1069 1608 1126 Quello
1629 1070 1715 1113 che
1741 1069 1889 1114 scriue

255 1151 313 1201 V.
339 1151 394 1193 R.
419 1149 516 1203 soli,
540 1147 578 1191 si
598 1149 625 1192 ὁ
648 1147 783 1202 uisto,
807 1154 854 1192 et
875 1154 944 1192 sta
964 1147 1082 1191 bene
1103 1147 1146 1190 13
1162 1146 1480 1192 informatione
1495 1147 1617 1200 data,
1638 1153 1684 1191 et
1703 1162 1792 1192 non
1811 1161 1888 1191 ac-

255 1227 367 1272 cade
389 1234 518 1284 tropo
539 1226 747 1283 risposta.
773 1225 826 1270 Li
847 1223 1004 1270 denari
1021 1223 1219 1268 mandati
1235 1239 1261 1267 a
1279 1225 1422 1268 Roma
1437 1224 1496 1270 de
1511 1224 1759 1270 Germania
1773 1239 1889 1269 sono

255 1304 360 1349 stati
381 1303 533 1362 pochi:
559 1304 684 1362 parlo
705 1303 750 1347 di
773 1302 909 1360 quelli
930 1302 975 1346 di
997 1301 1194 1359 collegii,
1219 1309 1265 1347 et
1285 1302 1343 1346 da
1371 1302 1447 1347 noi
1475 1317 1567 1346 non
1596 1302 1818 1357 ricercati,
1842 1310 1889 1347 et

254 1397 346 1427 non
367 1397 474 1440 pare
495 1381 562 1426 sia
583 1380 949 1434 inconueniente‚
975 1395 1024 1426 se
1046 1379 1352 1424 abundassino
1373 1379 1403 1423 li
1425 1379 1606 1437 collegii
1621 1380 1889 1425 de‘Germa-

255 1459 345 1516 nia,
369 1462 454 1505 che
475 1459 723 1504 aiutassino
745 1474 771 1503 a
792 1464 1020 1503 sustentat
1041 1458 1087 1502 in
1109 1459 1256 1502 Roma
1272 1457 1303 1500 li
1320 1457 1527 1503 tudeschi
1543 1459 1629 1502 che
1645 1458 1742 1502 loro
1759 1473 1889 1502 man-

253 1539 390 1592 dano,
422 1536 560 1595 quali,
592 1551 721 1582 come
748 1536 975 1581 habbiano
1003 1536 1218 1590 studiato,
1248 1550 1298 1580 se
1326 1535 1356 1579 li
1384 1537 1537 1580 hanno
1559 1550 1585 1579 a
1612 1535 1883 1581 rimandare.

352 1629 419 1660 10.
484 1613 618 1660 Circa
649 1616 691 1659 la
727 1629 832 1659 casa
862 1614 907 1658 di
935 1613 1215 1672 probatione,
1247 1629 1296 1659 se
1324 1612 1489 1660 debbia
1518 1612 1623 1658 farsi
1653 1613 1888 1658 una'sola-

247 1686 407 1740 'mente
428 1693 546 1738 nelle
566 1693 656 1737 due
677 1691 926 1750 prouincie‚
950 1706 978 1736 0
1000 1681 1111 1737 uero
1132 1692 1238 1745 due,
1262 1690 1432 1749 meglio
1448 1706 1498 1736 se
1514 1690 1733 1736 risoluera
1749 1692 1807 1735 V.
1830 1692 1884 1735 R.

255 1772 438 1828 quando
468 1772 639 1816 hauera
666 1770 786 1814 uisto
815 1769 1070 1823 Monachio,
1102 1770 1269 1827 perche
1298 1771 1416 1818 forse
1447 1769 1478 1812 li
1502 1769 1677 1813 *uedera
1708 1768 1889 1826 miglior

255 1848 549 1906 dispositione
570 1849 655 1892 che
675 1847 720 1892 in
743 1849 859 1892 altro
881 1848 1021 1905 luogo
1042 1862 1122 1905 per
1151 1854 1278 1893 tener
1305 1847 1483 1901 nouitii,
1514 1853 1559 1892 et
1588 1849 1699 1892 Μ.ῐο
1729 1846 1889 1891 Domi-

255 1926 358 1971 nico
381 1925 571 1984 Mangin
596 1927 607 1948 ¹
631 1941 739 1984 pare
762 1924 848 1969 faci
869 1926 1009 1969 molto
1030 1926 1121 1969 ben
1142 1925 1172 1968 l'
1197 1925 1349 1969 ufficio
1365 1924 1412 1968 di
1428 1931 1625 1970 maestro
1642 1924 1687 1968 di
1708 1923 1886 1978 nouitii;

255 2012 302 2050 et
324 2005 445 2049 forsa
463 2019 554 2048 non
575 2018 752 2057 manco,
778 2002 879 2047 anzi
900 2002 979 2061 piu
1000 2004 1086 2048 che
1107 2002 1154 2047 in
1177 2002 1371 2056 Vienna,
1397 2002 1434 2046 si
1457 2002 1642 2047 aiutano
1663 2001 1694 2045 li
1712 2001 1789 2046 tali
1805 2016 1890 2046 no-

255 2081 355 2126 uitii
376 2082 423 2125 in
444 2081 702 2127 Monachio.
728 2080 778 2127 Si
801 2080 934 2126 uiene
956 2081 1062 2137 quel
1084 2081 1273 2124 tudesco
1295 2094 1400 2137 qua,
1425 2082 1510 2124 che
1543 2080 1592 2123 fu
1621 2072 1818 2124 maestro
1844 2079 1890 2123 di

254 2159 408 2204 schola
423 2158 470 2202 in
486 2158 680 2213 Vienna,
705 2173 794 2203 con
815 2159 858 2203 16
882 2158 1041 2203 lettere
1062 2157 1108 2201 di
1125 2159 1183 2202 V.
1204 2159 1279 2212 R.,
1300 2157 1338 2201 si
1356 2157 1524 2203 uedera
1540 2156 1586 2201 di
1605 2157 1672 2201 far
1687 2158 1717 2200 l'
1738 2156 1890 2201 ufficio

199 2287 202 2291 ,
255 2238 371 2282 della
387 2236 574 2291 charita,
595 2250 760 2280 ancora
775 2238 877 2291 che,
899 2251 978 2293 per
994 2236 1037 2279 16
1053 2234 1341 2292 occupationi
1357 2241 1404 2279 et
1420 2235 1451 2278 il
1468 2235 1607 2279 modo
1625 2235 1711 2278 che
1727 2233 1804 2290 qui
1822 2240 1891 2278 te-

257 2314 410 2359 niamo
429 2315 487 2359 de
504 2313 727 2367 habitare,
747 2328 836 2358 non
856 2328 910 2374 sfl
926 2320 1096 2370 quanta
1113 2311 1388 2356 commodita
1404 2312 1446 2356 ci
1462 2314 1563 2356 sara
1575 2327 1655 2370 per
1669 2311 1815 2356 aiutar
1827 2310 1890 2355 si-

257 2391 350 2435 mili
370 2390 568 2449 bisogni3
595 2398 641 2436 et
662 2391 772 2449 pero
794 2392 977 2448 quando
998 2405 1244 2435 occorrono
1266 2404 1371 2434 cose
1393 2391 1449 2434 de
1472 2390 1534 2434 tal
1550 2389 1736 2446 qualita,
1756 2390 1809 2433 N.
1831 2390 1884 2432 P.

260 2469 388 2514 suole
409 2468 650 2516 rimettersi
673 2484 699 2513 a
720 2470 777 2514 V.
804 2470 859 2513 R.
890 2469 978 2513 Del
1003 2469 1129 2512 buon
1159 2474 1329 2513 assetto
1365 2468 1473 2511 dato
1510 2467 1585 2512 nel
1622 2466 1816 2524 collegio
1843 2465 1890 2508 di

260 2548 426 2604 Praga,
452 2554 498 2590 et
519 2547 636 2591 della
658 2545 971 2590 sodisfattione
991 2547 1076 2589 che
1099 2546 1156 2589 V.
1184 2546 1238 2588 R.
1263 2546 1322 2589 ha
1344 2551 1506 2588 cauato
1526 2543 1572 2588 di
1594 2558 1696 2588 esso
1717 2543 1758 2586 ci
1780 2557 1890 2586 con-

260 2624 433 2668 solamo
456 2625 506 2667 in
527 2625 742 2667 Domino.
771 2625 869 2668 Ben
890 2623 1064 2681 pareria
1090 2621 1339 2679 spediente,
1372 2636 1422 2666 se
1453 2622 1497 2665 d’
1532 2622 1646 2665 altra
1676 2620 1825 2664 banda
1853 2620 1891 2663 si

262 2700 423 2745 facessi
442 2701 486 2744 la
508 2700 788 2754 fundatione,
815 2699 1070 2744 tomassino
1096 2699 1233 2756 quelli
1260 2711 1348 2754 400
1378 2699 1518 2744 daleri
1546 2699 1591 2741 d’
1624 2698 1789 2741 intrata
1817 2697 1890 2740 alli

258 2777 432 2834 poueri;
454 2792 526 2821 ma
542 2769 588 2821 di
605 2784 723 2822 tutto
742 2785 904 2834 questo
928 2785 973 2822 et
989 2779 1102 2823 altre
1123 2791 1244 2830 cose,
1269 2777 1477 2820 andando
1495 2777 1553 2821 V.
1575 2777 1630 2820 R.
1651 2790 1677 2818 a
1693 2774 1886 2828 Vienna,

259 2855 354 2898 fara
374 2853 406 2897 il
426 2854 594 2911 meglio
616 2857 701 2900 che
723 2855 760 2898 si
776 2857 919 2912 potra.

352 2945 438 2976 11..
484 2931 618 2976 Circa
639 2932 681 2976 16
702 2946 807 2976 cose
828 2932 902 2978 del
924 2931 1132 2986 concilio,
1161 2931 1354 2977 tuttauia
1383 2946 1534 2977 uanno
1567 2945 1629 2974 un
1656 2943 1770 2989 poco
1798 2935 1890 2974 tra-

333 3102 344 3123 ¹
394 3098 619 3147 Menginus.
643 3099 743 3136 Vide
762 3099 877 3147 epist.
896 3109 983 3146 240.
