2196 3522
295 305 363 342 128
853 303 991 339 EP1sT.
1018 301 1062 337 P.
1091 301 1372 338 NADAL—zzr

292 406 524 459 citissime,
545 413 591 451 et
607 418 708 448 eam
723 403 907 448 mittent
922 409 1048 448 recta
1065 404 1122 446 ad
1135 405 1318 448 Patrem
1333 411 1542 448 nostrum
1557 405 1833 462 generalem;
1853 406 1935 450 sed

292 483 487 542 primum
509 483 566 526 ad
589 484 641 526 P.
668 480 904 525 Canisium
926 481 1207 538 Augustam,
1232 486 1283 523 vt
1303 480 1588 535 breuissime,
1613 496 1730 539 quae
1750 481 1813 526 illi
1843 484 1934 526 Pa—

293 569 384 608 tres
400 559 679 617 scripserint,
698 559 824 616 legat
839 557 980 602 biduo
996 558 1071 602 vel
1087 557 1255 611 triduo,
1275 564 1338 612 et,
1352 557 1557 602 adhibito
1571 558 1740 604 iudicio
1756 574 1856 614 suo,
1877 561 1935 604 ad

294 640 476 683 Patrem
499 636 823 696 [transmittat].
851 637 954 680 Hoc
975 649 1259 693 magnopere
1280 650 1439 680 omnes
1457 635 1784 681 desideramus.
1808 639 1937 682 Dent

292 729 475 773 operam
499 717 660 759 Patres
680 712 787 757 huic
811 713 999 771 negotio
1021 712 1281 770 diligenter,
1307 714 1389 759 sed
1417 720 1570 757 tamen
1597 712 1660 757 ita
1686 720 1737 757 vt
1763 729 1821 759 ne
1850 729 1932 771 pe-

292 792 515 838 riclitetur
537 805 695 837 eorum
717 790 1023 846 incolumitas,
1057 797 1243 847 propter
1274 790 1464 834 nimium
1494 791 1712 835 laborem.
1747 792 1864 836 Nam
1895 792 1936 836 si

292 870 391 915 fieri
418 876 575 927 posset
602 875 653 912 vt
679 867 899 926 proximis
920 867 1137 912 nundinis
1154 869 1382 922 ederetur,
1401 875 1523 913 esset
1538 868 1750 912 omnibus
1766 869 1935 926 gratis-

292 948 458 992 simum
479 954 525 993 et
546 961 640 991 non
661 947 835 1002 absque
857 946 1010 990 fructu
1033 944 1218 1003 insigni.
1245 945 1392 991 Simul
1412 945 1690 1000 curabimus,
1708 953 1759 990 vt
1775 947 1832 990 ad
1849 946 1940 991 alia.

292 1025 636 1082 respondeatur,
660 1023 862 1068 libellum
886 1023 1039 1077 edere,
1064 1037 1156 1080 quo
1180 1030 1437 1080 exponatur
1457 1022 1637 1067 initium
1658 1029 1705 1067 et
1721 1038 1939 1082 progres-

291 1117 371 1147 sus
394 1101 651 1148 Societatis.
677 1100 901 1145 Dominus
923 1100 1009 1145 erit
1030 1100 1283 1144 vobiscum.

384 1193 427 1224 2.
493 1178 879 1236 Quandoquidem
901 1178 1127 1224 habebitis
1149 1178 1237 1222 iam
1263 1194 1290 1223 a
1309 1185 1466 1223 nostro
1483 1180 1621 1224 Patre
1636 1179 1806 1233 literas,
1830 1180 1937 1236 qui-

291 1259 380 1302 bus
401 1271 474 1302 res
494 1263 674 1301 vestrae
695 1255 967 1313 dirigantur,
992 1255 1104 1299 nihil
1126 1263 1195 1301 est
1217 1257 1339 1312 quod
1361 1257 1418 1301 de
1439 1256 1496 1301 iis
1523 1258 1581 1300 ad
1607 1271 1691 1301 vos
1717 1244 1934 1311 scribam,

294 1349 445 1391 neque
466 1349 549 1379 vos
570 1335 626 1378 de
649 1333 808 1377 iisdem
830 1334 887 1377 ad
908 1347 982 1376 me
1004 1332 1228 1388 scribatis;
1253 1334 1335 1378 sed
1356 1334 1507 1378 omnia
1528 1335 1586 1378 ad
1608 1336 1792 1378 Patrem
1814 1335 1932 1380 refe-

292 1413 416 1457 ratis.
1276 1416 1286 1425 ‘

384 1504 424 1546 3.
490 1489 639 1546 Cupio
669 1504 753 1533 vos
780 1503 938 1533 omnes
965 1489 1012 1533 in
1043 1489 1240 1533 Domino
1270 1490 1389 1534 bene
1419 1490 1587 1544 valere;
1622 1504 1711 1547 ego
1750 1489 1935 1546 quidem

290 1569 411 1613 bene
432 1568 577 1621 valeo,
602 1566 785 1611 Christo
807 1565 968 1623 gratia.
990 1565 1184 1611 Substiti
1202 1566 1374 1623 aliquot
1389 1565 1486 1611 dies
1502 1566 1548 1609 in
1565 1568 1652 1610 hac
1669 1567 1820 1620 domo,
1840 1581 1931 1610 non

292 1644 530 1698 inutiliter,
555 1651 606 1687 vt
626 1658 776 1701 spero,
802 1650 1067 1700 occupatus.
1093 1643 1271 1688 Deinde
1293 1658 1349 1687 ex
1376 1643 1524 1687 officio
1551 1629 1937 1701 ingolstadiense's

293 1728 473 1766 nostros
493 1721 644 1765 inuisi:
671 1720 821 1764 triduo
842 1720 1102 1777 proficiscar
1124 1721 1468 1777 Oenopontum,
1493 1720 1599 1766 inde
1620 1736 1732 1766 vero
1749 1721 1940 1778 profici-·

293 1813 393 1842 scar
414 1798 640 1843 Viennam
663 1805 709 1843 et
730 1798 787 1841 ad
809 1797 982 1853 reliqua
1004 1796 1212 1855 collegia,
1237 1797 1414 1842 etiamsi
1434 1797 1686 1855 intelligam
1713 1798 1934 1855 suspitio-'—

293 1890 397 1920 nem
419 1875 559 1932 pestis
581 1889 681 1920 esse
703 1874 750 1917 in
771 1874 859 1918 illis
880 1874 1144 1918 ciuitatibus
1170 1876 1198 1918 ¹.
1226 1876 1473 1931 Propterea
1498 1875 1764 1919 nominatim
1791 1875 1934 1932 cupio

293 1966 394 1997 esse
416 1953 782 1998 commendatum
805 1951 1019 1996 Patribus
1039 1958 1085 1995 et
1108 1951 1339 2006 fratribus,
1362 1958 1414 1995 vt
1439 1951 1487 1995 in
1514 1952 1663 1996 missis
1690 1959 1735 1998 et
1762 1952 1933 1998 oratio—

292 2029 429 2074 nibus
451 2029 546 2073 suis
567 2028 855 2072 meminerint
876 2036 1134 2072 nostrorum
1157 2028 1470 2086 collegiorum,
1496 2044 1613 2085 quae
1629 2037 1738 2074 sunt
1753 2030 1800 2074 in
1816 2031 1933 2075 ciui-

293 2105 480 2159 tatibus,
505 2120 622 2161 quae
644 2112 771 2162 peste
793 2106 1017 2149 laborant.

382 2182 445 2227 Hi
468 2185 628 2226 Patres
650 2190 695 2227 et
719 2183 879 2226 fratres
901 2191 946 2227 et
967 2181 1133 2227 omnes
1148 2185 1308 2229 Patres
1331 2190 1377 2229 et
1405 2185 1566 2229 fratres
1593 2185 1704 2229 istos
1730 2185 1935 2229 salutant·

291 2260 337 2304 in
360 2259 573 2304 Domino.
600 2259 824 2304 Dominus
853 2260 911 2304 sit
938 2260 1192 2304 nobiscum:
1223 2275 1303 2304 ora
1329 2276 1411 2318 pro
1438 2276 1527 2315 me,
1560 2263 1712 2306 Pater.
1743 2261 1928 2320 [Augu-

291 2336 420 2397 stae],
446 2338 474 2381 6
495 2336 769 2382 Nouembris
797 2338 923 2392 1562.
951 2339 1079 2381 Tuus
1101 2337 1147 2380 in
1169 2337 1354 2382 Christo
1376 2353 1553 2392 seruus,

1327 2415 1357 2474 †
1388 2417 1622 2553 Nmssms.
1658 2416 1687 2475 †

362 2662 373 2682 ¹
424 2659 525 2696 Vide
543 2661 661 2707 epist.
686 2658 769 2695 218.
