2196 3522
990 266 1116 313 Jumo
1145 265 1236 312 1563
1644 241 1648 246 ’
1856 260 1926 315 ‘477

291 368 342 413 S.
366 366 479 413 S.ria
497 367 732 426 conseglio
753 374 800 414 et
819 359 1012 426 aggiuto
1033 367 1080 411 in
1098 364 1265 429 'questo
1281 369 1483 426 negotio,
1503 369 1535 412 il
1550 371 1683 427 quale
1700 370 1927 417 uoleuano

292 444 406 490 detti
419 443 593 502 'cinque
615 445 740 490 fusse
760 441 892 489 cOme
917 445 1092 489 saldato
1119 452 1166 489 et
1193 439 1384 490 fermato
1409 440 1556 504 prima
1582 449 1668 493 che
1694 447 1732 491 si
1760 463 1926 506 propo-
1960 456 1964 460 ’

293 536 428 567 nesse
448 522 492 566 al
512 522 647 579 pieno
667 529 842 575 senato,
866 537 947 579 per
967 522 998 565 il
1019 521 1222 579 periculo
1243 524 1329 567 che
1349 522 1395 566 vi
1420 524 1475 582 [6]
1504 523 1550 567 di
1577 526 1663 569 che
1683 524 1722 568 si
1745 525 1927 570 trouino

294 598 340 642 in
362 612 466 643 esso
487 614 727 656 personne,
751 615 778 644 a
798 601 841 645 le
863 599 985 655 quali
1007 598 1358 645 versimilmente
1375 607 1536 656 questa
1553 601 1825 646 comunione
1845 604 1928 647 sub

295 680 484 733 viraque
505 677 788 734 piacerebbe.
815 676 995 723 Sentito
1021 678 1095 720 ch’
1127 677 1274 721 hebbe
1302 679 1481 722 Mons.r
1506 679 1657 733 quello
1678 677 1933 724 domanda-‘

294 768 430 807 uano,
454 755 580 813 volse
601 754 648 797 in
669 753 813 811 prima
833 753 1068 797 intendere
1096 753 1134 797 si
1164 758 1325 809 questo
1353 754 1574 798 faceuano
1596 756 1685 798 co’l
1706 770 1930 801 consenso

293 830 338 873 di
361 837 481 874 tutto
502 838 676 886 senato,
700 837 747 875 et
767 832 840 875 ch’
865 844 942 874 era
962 845 1070 874 cosa
1089 829 1358 887 periculosa;
1383 830 1490 875 item
1513 833 1598 876 che
1615 835 1651 875 s'
1671 834 1851 877 haueua
1871 834 1926 877 da

292 922 427 964 porre
448 907 702 953 differentia
725 914 793 952 tra
822 907 970 965 questi
1002 907 1326 961 comunicanti,
1350 910 1516 965 perche
1543 909 1693 952 alcuni
1721 911 1922 954 comuni-

291 999 407 1029 cano
428 985 525 1029 solo
546 999 625 1042 per
646 985 964 1030 sodisfattione
985 985 1042 1028 de
1063 985 1106 1030 16
1127 985 1224 1028 loro
1241 985 1516 1030 conscientie
1533 1001 1670 1030 sanza
1687 988 1870 1032 turbare
1886 988 1928 1031 la

293 1075 488 1106 comune
507 1076 648 1119 opace:
679 1069 726 1106 et
760 1061 862 1106 altri
890 1063 1107 1116 turbanO,
1138 1069 1226 1107 etc.
1259 1063 1310 1105 In
1343 1063 1435 1107 fine
1462 1078 1557 1106 non
1586 1064 1787 1108 hebbero
1815 1065 1930 1108 altra

295 1140 609 1184 consolatione
639 1139 739 1183 sino
770 1141 856 1184 che
889 1142 1067 1184 Mons.r
1088 1139 1218 1183 'disse
1254 1142 1340 1184 che
1371 1139 1412 1184 ci
1444 1142 1740 1197 pensarebbe,
1777 1149 1822 1187 et
1854 1142 1927 1198 poi

295 1217 473 1261 chiamo
494 1232 521 1262 a
541 1232 592 1262 se
612 1217 763 1262 alcuni
783 1218 858 1261 del
879 1224 1056 1270 senato,
1082 1232 1108 1261 a
1129 1217 1160 1261 li
1183 1217 1304 1274 quali
1327 1232 1518 1275 propose
1541 1226 1718 1274 questo,
1738 1220 1927 1264 doman-

294 1295 446 1339 dando
467 1295 564 1339 loro
586 1309 760 1352 parere3
784 1302 830 1338 et
852 1310 931 1351 per
960 1301 1132 1350 quanto
1160 1294 1221 1337 mi
1254 1294 1431 1339 ricordo
1459 1295 1610 1339 alcuni
1639 1295 1684 1338 di
1714 1296 1928 1340 chiamati

294 1387 377 1416 son
395 1371 556 1417 ‘tenuti
586 1387 667 1429 per
698 1371 902 1429 sospetti:
937 1371 1116 1415 chiamo
1148 1371 1284 1416 etiam
1315 1371 1347 1415 il
1378 1372 1478 1416 vice
1509 1379 1659 1425 conte,
1686 1372 1716 1416 il
1738 1374 1871 1429 quale
1902 1374 1927 1417 ἑ

294 1457 555 1495 essecutore
575 1450 632 1493 de
653 1450 695 1494 le
716 1449 980 1493 risolutione
1003 1450 1114 1493 fatte
1136 1450 1210 1492 nel
1238 1449 1520 1506 magistrato,
1544 1456 1589 1493 et
1610 1451 1635 1493 e
1657 1464 1770 1506 pure
1790 1452 1927 1506 posto

292 1526 340 1570 in
360 1524 510 1570 officio
531 1527 604 1570 dal
625 1526 937 1580 arciuescouo,
962 1533 1008 1571 et
1029 1527 1055 1570 e
1076 1525 1347 1570 similmente
1375 1527 1595 1583 sospetto‚'
1619 1527 1661 1570 al
1689 1527 1821 1583 quale
1842 1527 1927 1571 do-

292 1604 458 1648 mando
479 1606 658 1649 Mons.r
682 1603 720 1648 si
742 1605 963 1649 vorrebbe
985 1603 1215 1659 essequire
1246 1603 1277 1646 li
1301 1603 1471 1648 decreti
1495 1604 1594 1647 fatti
1615 1611 1773 1648 contra
1794 1604 1824 1646 li
1846 1618 1928 1648 co-

249 1732 252 1733 ⁷
293 1681 544 1726 municanti
565 1681 647 1725 sub
667 1685 856 1739 viraque
876 1682 1034 1738 specie.
1061 1682 1174 1724 Esso
1195 1695 1285 1724 con
1311 1680 1374 1738 gli
1402 1680 1504 1724 altri
1533 1682 1683 1725 fecero
1704 1682 1747 1724 la
1768 1683 1924 1727 mede-

294 1759 408 1803 sima
429 1758 719 1803 distinctione
739 1760 825 1804 che
853 1760 1030 1803 Mons.r
1056 1757 1141 1801 Poi
1162 1759 1304 1814 prego
1336 1757 1482 1801 costui
1511 1759 1596 1802 che
1624 1759 1671 1803 S.
1699 1757 1811 1803 Syia
1832 1774 1924 1803 non

295 1838 339 1880 10
355 1851 573 1894 grauasse
601 1835 646 1879 di
675 1837 754 1880 tal'
782 1835 1082 1881 essecutione.
1115 1835 1165 1880 Si
1192 1834 1355 1879 dicono
1382 1835 1531 1892 questi
1557 1835 1722 1892 cinque
1749 1826 1924 1880 consuli

296 1914 490 1958 tuttauia
512 1916 648 1959 esser’
672 1913 1002 1971 apparecchiati
1024 1928 1050 1956 a
1073 1914 1165 1958 fare
1187 1912 1217 1955 il
1238 1911 1451 1969 possibile
1473 1924 1554 1970 per
1575 1913 1786 1959 sbandire
1806 1915 1925 1958 della

293 1992 404 2036 citta
423 1993 519 2035 loro
541 1991 689 2047 questi
709 1990 1030 2044 comunicanti3
1054 1992 1145 2036 ben
1167 1991 1358 2035 sarebbe
1385 1991 1442 2033 da
1463 1990 1719 2035 desiderare
1741 1993 1814 2034 ch’
1838 1993 1923 2035 ha—

291 2084 477 2114 uessero
505 2069 620 2112 altro
648 2069 856 2113 conforto
885 2069 972 2112 che
999 2074 1177 2124 questo,
1204 2074 1249 2112 et
1277 2067 1486 2112 massime
1515 2069 1588 2111 ch'
1614 2068 1764 2110 alcuni
1785 2067 1922 2111 vicini

290 2146 492 2204 prencipi
514 2145 763 2190 solecitano
778 2147 862 2189 che
878 2146 912 2188 ’1
928 2151 1088 2189 senato
1104 2150 1322 2188 consenta
1350 2159 1376 2188 a
1397 2146 1557 2200 q'uesta
1578 2145 1821 2189 benedetta
1842 2151 1922 2188 co»

289 2223 505 2268 munione
526 2238 614 2267 con
636 2221 752 2266 assai
774 2222 1003 2266 instantia.
1034 2223 1138 2266 Vna
1164 2212 1372 2278 persona,
1398 2222 1441 2264 13
1462 2222 1595 2278 quale
1616 2221 1654 2265 si
1676 2222 1775 2265 dice
1797 2236 1923 2267 esser

290 2308 409 2344 stata
429 2300 495 2345 sei
518 2315 545 2343 o
567 2307 684 2344 sette
705 2299 811 2343 anni
832 2299 879 2343 in
901 2298 1134 2356 seruiggio
1155 2298 1201 2342 di
1217 2305 1379 2354 questo
1394 2299 1548 2351 eletto‚
1568 2301 1627 2343 ha
1642 2300 1769 2344 detto
1785 2301 1858 2342 ch'
1878 2300 1920 2343 al

291 2385 442 2435 tempo
464 2379 550 2422 che
570 2378 615 2420 lo
635 2375 833 2430 seruiua,
858 2390 960 2422 esso
987 2378 1166 2420 haueua
1194 2376 1297 2420 nela
1324 2390 1436 2419 suoa
1462 2375 1739 2420 bibliotheca
1767 2375 1797 2418 li
1819 2375 1919 2418 libr'i

291 2455 338 2499 di
361 2455 462 2499 Phi.
489 2455 825 2506 Melanchtono,
851 2455 1044 2506 Bucero,
1070 2452 1255 2496 Brentio
1276 2459 1322 2497 et
1343 2451 1388 2495 di
1404 2451 1521 2495 simil
1538 2460 1675 2510 gente
1697 2454 1725 2495 ¹,
1746 2453 1789 2496 A
1808 2440 1920 2508 que-

292 2532 350 2576 sti
378 2531 526 2590 giorni
555 2530 722 2587 passati
753 2532 790 2574 s’
814 2531 840 2574 e
868 2531 1080 2574 mandato
1108 2529 1181 2573 via
1208 2530 1266 2572 da
1289 2530 1496 2586 Cologna
1523 2545 1613 2572 vno
1641 2529 1920 2586 predicatore

291 2605 511 2666 sospetto,
537 2616 583 2653 et
604 2609 661 2651 da
682 2606 756 2651 chi
776 2600 822 2651 10
844 2600 1132 2664 cognosceua
1153 2613 1312 2650 tenuto
1333 2620 1462 2651 corne
1482 2621 1562 2663 per
1583 2605 1798 2650 heretico:
1818 2594 1920 2649 esso

288 2688 314 2731 e
335 2693 456 2730 stato
478 2672 631 2729 subito
651 2685 870 2728 condotto
889 2677 970 2741 per
986 2683 1270 2740 predicatore
1286 2682 1332 2725 in
1350 2684 1427 2726 vn’
1446 2684 1559 2726 altra
1574 2690 1707 2735 terra,
1727 2673 1920 2739 laquale

287 2765 314 2808 e
334 2777 447 2821 pure
468 2763 525 2806 de
545 2763 575 2805 1’
601 2761 896 2805 arciuescouo
916 2760 962 2804 di
983 2761 1206 2818 Cologna,
1231 2766 1277 2804 et
1298 2759 1472 2804 diconsi
1500 2774 1623 2803 esser
1650 2758 1680 2802 li
1708 2758 1918 2803 centonai
1936 2803 1939 2805 .

287 2842 331 2885 d'
356 2835 628 2897 anabaptisti
649 2838 697 2882 in
719 2839 868 2894 quella
890 2838 1136 2883 medesima
1163 2844 1298 2890 terra,
1323 2837 1355 2880 li
1383 2837 1504 2893 quali
1534 2838 1607 2881 fan
1636 2837 1678 2881 le
1706 2835 1919 2892 prediche

286 2918 382 2962 loro
399 2918 501 2962 nele
521 2917 662 2970 selue;
688 2915 733 2959 di
755 2914 954 2959 maniera
975 2917 1060 2960 che
1081 2915 1111 2958 li
1133 2914 1342 2958 catholici
1365 2914 1410 2957 in
1428 2915 1635 2971 Cologna
1652 2920 1814 2958 stanno
1831 2927 1918 2956 con

360 3089 370 3108 ¹
421 3066 487 3123 Cf.
511 3085 827 3129 REOEFENBERG,
846 3083 923 3119 loc.
948 3083 1043 3127 cit.‚
1062 3083 1096 3129 Ι,
1117 3090 1200 3118 101.

428 3150 540 3179 Emsr.
563 3149 600 3178 P.
620 3150 754 3183 NADAL,
774 3147 859 3177 Tou.
882 3147 928 3178 11.
1740 3144 1777 3172 32
