2196 3522
317 336 365 373 70
882 326 925 360 P.
955 324 1142 359 NATAms
1168 324 1388 361 EPHEMER.

951 479 1147 521 AU1LAE,
1174 480 1324 511 PRIMO

412 585 579 626 Parum
600 581 674 625 hic
695 580 894 636 substiti,
918 582 998 626 sed
1013 580 1118 624 dedi
1135 579 1406 636 quibusdam
1422 578 1661 623 consilium
1677 580 1735 624 de
1750 594 1815 632 re,
1836 593 1955 635 quae

323 660 380 703 ad
410 659 698 716 inquisitores
725 658 960 712 attinebat;
991 658 1113 714 quod
1140 656 1377 701 consilium
1406 655 1607 700 intellexi
1634 663 1791 713 postea
1813 655 1957 701 fuisse

323 743 504 794 gratum
524 735 880 792 inquisitoribus.
907 735 996 779 Hic
1017 734 1217 779 intellexi
1234 749 1366 778 vsum
1389 733 1528 778 fuisse
1555 734 1719 778 ducem
1741 732 1956 777 albanum

324 828 459 870 opera
479 812 614 856 vnius
635 828 661 857 e
683 812 862 857 nostris.

413 931 519 974 131
883 942 1234 983 SALMANTICAE,
1262 943 1410 974 PRIMO

414 1046 511 1089 Nec
533 1044 605 1087 hic
629 1043 827 1098 substiti,
853 1044 933 1088 sed
955 1051 1078 1087 recta
1096 1045 1303 1087 Portum.
1335 1042 1341 1101 1

903 1178 965 1207 AD
989 1176 1202 1217 PORTUM,
1229 1176 1377 1207 PRIMO

416 1275 610 1332 Repperi
639 1277 692 1319 P.
725 1275 1016 1319 Franciscum
1047 1282 1093 1318 et
1123 1256 1504 1318 Bustamantium:
1536 1273 1610 1318 hic
1637 1275 1906 1319 discesserat
1934 1289 1964 1317 a

328 1367 411 1395 sua
432 1352 681 1408 prouincia,
703 1353 824 1408 quod
841 1367 979 1409 aegre
997 1352 1134 1396 ferret
1151 1366 1281 1395 suam
1303 1351 1527 1395 rationem
1555 1349 1842 1408 gubernandi
1869 1364 1963 1394 non

326 1429 506 1486 probari
540 1431 597 1472 ab
634 1429 859 1486 aliquibus
895 1428 1117 1486 primarijs
1156 1428 1385 1481 Patribus,
1426 1429 1548 1485 quod
1586 1435 1765 1485 saperet
1801 1442 1962 1488 mona-

329 1506 565 1549 chismum.
594 1507 646 1549 P.
674 1506 943 1549 Franciscus
962 1506 1088 1549 visus
1115 1513 1184 1550 est
1211 1506 1373 1550 affecta
1401 1519 1502 1550 esse
1528 1504 1804 1550 valetudine.
1837 1505 1966 1548 Con—

329 1583 476 1627 fessus
497 1589 567 1625 est
587 1582 874 1639 generaliter.
897 1582 983 1639 Egi
1006 1597 1110 1626 cum
1133 1597 1187 1627 eo
1209 1583 1266 1626 de
1288 1582 1399 1635 suis,
1419 1583 1476 1627 de
1494 1581 1692 1637 Araosij,
1713 1588 1759 1626 et
1776 1581 1966 1638 prouin-

328 1659 499 1702 ciarum
527 1660 678 1702 rebus.
711 1659 777 1702 Ibi
814 1659 1003 1716 concepi
1033 1658 1428 1716 interrogationes,
1469 1658 1635 1715 quibus
1666 1665 1824 1715 postea
1853 1672 1968 1702 vsus

330 1750 431 1779 sum
453 1735 499 1779 in
521 1735 791 1781 visitatione.
817 1736 998 1792 Incoepi
1020 1737 1188 1780 habere
1209 1735 1384 1791 aliquas
1405 1736 1519 1779 132
1541 1734 1894 1780 exhortationes.

420 1814 527 1856 Erat
548 1812 726 1857 initium
753 1813 933 1868 aliquod
969 1813 1147 1870 collegij
1186 1813 1286 1858 siue
1321 1814 1498 1857 domus:
1539 1820 1668 1858 erant
1703 1811 1967 1856 omniafere

328 1889 627 1943 incommoda,
659 1897 838 1946 praeter
865 1905 1103 1934 amoenum
1132 1892 1331 1944 hortum,
1362 1891 1443 1935 sed
1470 1889 1548 1946 qui
1576 1896 1698 1935 esset
1727 1889 1776 1933 in
1796 1903 1967 1946 magna

328 1966 494 2009 montis
515 1966 791 2010 decliuitate.
818 1967 1084 2010 Examinaui
1122 1967 1320 2023 quidem,
1361 1968 1440 2012 sed
1470 1982 1562 2011 non
1590 1966 1746 2011 audiui
1775 1966 1966 2010 aliorum

303 2052 306 2057 '
328 2042 637 2087 confessiones
655 2050 779 2096 tunc,
805 2045 885 2087 sed
908 2044 1100 2088 rediens.
1128 2044 1320 2101 Egimus
1341 2045 1398 2088 de
1421 2044 1705 2100 profectione
1734 2045 1788 2087 P.
1822 2045 1858 2086 F
1861 2057 1966 2086 ran—

330 2118 454 2172 cisci,
480 2121 560 2162 sed
582 2134 674 2163 non
696 2119 999 2164 definiuimus.
1028 2120 1165 2164 Volui
1185 2120 1369 2164 visitare
1393 2122 1693 2164 Braccharam
1715 2127 1762 2164 et
1788 2122 1970 2164 Monte-

334 2195 514 2252 regium
540 2197 569 2238 ¹.

422 2351 537 2393 133
901 2366 1233 2404 BRACCHARAE,
1272 2366 1421 2396 PRIMO

421 2506 560 2561 Venjt
581 2520 760 2549 mecum
784 2506 1141 2549 Bustamantius.
1163 2506 1252 2550 Hic
1275 2514 1372 2551 erat
1389 2514 1539 2550 rector
1558 2508 1611 2550 P.
1632 2507 1722 2550 don
1741 2506 1964 2563 Ignatius.

335 2584 475 2626 Erant
510 2581 557 2625 in
593 2582 786 2639 collegio
824 2582 1080 2636 cardinalis,
1112 2583 1188 2626 vbi
1225 2584 1444 2627 docuerat
1466 2584 1736 2636 Clenardus‚
1771 2589 1971 2640 anguste

331 2658 530 2715 quidem,
556 2666 602 2704 et
623 2659 834 2712 tenuiter,
860 2659 946 2703 nisi
969 2661 1092 2718 quod
1113 2667 1209 2705 erat
1231 2661 1449 2704 sacellum
1471 2667 1541 2704 sat
1566 2661 1870 2704 commodum.
1902 2659 1971 2703 Ibi

334 2735 511 2793 incoepi
533 2735 751 2793 colligere
772 2750 829 2779 ex
851 2736 1016 2790 dubiis,
1038 2751 1155 2792 quae
1176 2751 1440 2794 acceperam
1463 2739 1519 2781 ab
1538 2737 1749 2790 Araozio,
1782 2743 1892 2790 etc.;
1917 2752 1973 2781 ea

333 2812 564 2869 colligere,
605 2812 770 2869 quibus
797 2819 956 2869 postea
994 2814 1327 2870 responderem.
1359 2813 1514 2857 Habui
1551 2813 1892 2857 exhortationes
1926 2819 1975 2856 et

335 2889 558 2942 examina,
586 2888 740 2932 audiui
763 2889 1085 2933 confessiones.
1114 2890 1305 2946 Reliqua
1331 2890 1339 2949 Ι
1365 2890 1410 2933 in
1435 2890 1630 2934 reditum
1653 2889 1809 2934 distuli
1830 2890 1862 2933 ².

408 3074 419 3094 ¹
471 3072 730 3117 SACCHINUS,
750 3073 825 3108 loc.
852 3073 936 3118 cit.,
956 3086 1022 3109 nn.
1047 3083 1102 3119 10,
1126 3083 1186 3111 11.
1211 3076 1293 3111 Fol.
1318 3074 1383 3111 132
1398 3088 1440 3111 v.
1465 3087 1605 3123 purum
1623 3078 1820 3110 remanet.

412 3134 426 3153 ²
480 3131 739 3178 SAccnmus,
760 3133 835 3167 loc.
861 3133 952 3176 cit.,
972 3146 1013 3168 n.
1042 3142 1099 3171 12.
1455 3128 1457 3130 ’
