2196 3522
347 269 417 315 604
962 266 1098 302 Epls’r.
1126 265 1156 301 P
1166 292 1175 301 .
1206 264 1357 303 NADAL

347 370 522 422 Natale,
549 369 807 425 esponendo
827 368 924 410 loro
947 366 1037 409 mio
1054 367 1266 422 scrupulo
1287 367 1343 411 de
1360 355 1650 424 conscientia,
1671 378 1715 416 et
1737 371 1972 416 declaran-

346 431 404 473 do
426 429 755 473 sinceramente
775 426 865 470 mio
887 426 1052 479 animo,
1072 426 1177 481 qual
1195 441 1268 471 me
1285 427 1413 471 basta
1429 442 1515 471 con
1532 430 1574 473 la
1591 430 1736 486 gratia
1751 431 1824 476 del
1840 431 1972 475 onni-

348 495 531 545 potente
553 487 643 531 Dio
665 493 854 531 mettere
876 486 919 528 in
944 459 1084 530 sernia
1105 492 1151 527 et
1179 485 1339 530 stabile
1360 488 1642 532 essecutione
1664 497 1708 534 et
1729 505 1754 532 6
1777 491 1879 534 tale.

435 548 533 591 Che
555 547 714 603 poiche
736 546 767 588 il
789 545 986 612 collegio
1008 544 1313 589 ecclesiastico
1341 561 1366 589 e
1395 540 1521 590 tanto
1549 547 1750 601 innanzi,
1775 551 1859 594 che
1880 564 1972 593 non

346 606 384 650 si
413 606 720 663 estinguesse,
758 620 831 648 ma
858 604 895 648 si
926 603 1222 660 restringesse
1250 606 1307 647 ad
1343 620 1432 648 vno
1464 621 1651 651 numero
1679 607 1874 676 piccol·o‚
1907 609 1971 652 sm

347 673 472 709 tanto
494 668 578 708 che
599 665 687 709 Dio
709 665 843 708 desce
864 663 1073 720 maggior
1101 665 1239 716 forze,
1265 664 1365 707 cioe
1394 667 1478 710 che
1501 667 1587 710 alle
1614 681 1743 722 spese
1772 668 1858 711 mie
1879 682 1971 712 non

346 740 602 782 passassaro
624 740 704 781 per
725 725 886 767 adesso
909 723 939 765 il
962 737 1149 765 numero
1171 723 1228 766 de
1257 736 1305 778 13
1337 739 1543 780 persone,
1575 727 1708 781 quale
1729 728 1972 771 hauessero

346 799 431 828 suo
454 785 626 829 decano
648 791 693 828 et
715 782 905 827 ministri
933 782 1171 838 necessarij
1187 816 1197 835 ,
1228 789 1273 827 et
1301 798 1380 839 per
1402 784 1496 827 loro
1525 792 1570 828 et
1591 799 1669 841 per
1691 785 1791 829 altri
1813 786 1961 829 conui-

346 843 461 887 ctori
490 843 717 896 forasteri,
749 842 870 899 quali
898 842 1076 898 soglino
1104 856 1226 886 esser
1254 856 1430 899 sempre
1458 843 1503 886 in
1530 845 1650 887 bono
1682 859 1892 898 numero,
1927 852 1972 889 et

346 904 537 971 qualche
559 904 682 947 volta
702 916 895 959 passano
916 901 1182 957 cinquanta;
1213 908 1259 945 et
1288 903 1467 957 quando
1497 904 1667 947 fossero
1695 903 1772 960 piu
1794 904 1972 948 habita-

348 964 485 1016 tione,
510 962 761 1007 sarebbeno
783 976 918 1006 senza
940 974 1143 1004 numero.

436 1023 566 1066 Oltra
593 1022 638 1065 di
667 1021 836 1078 questi,
877 1020 997 1076 quali
1026 1020 1131 1063 tutti
1168 1019 1382 1064 habitano
1410 1027 1455 1065 et
1484 998 1727 1093 mangiano
1755 1023 1916 1067 dentro
1943 1022 1974 1065 il

346 1081 539 1138 collegio
561 1081 605 1124 di
634 1088 764 1124 santo
793 1079 1079 1132 Hieronimo,
1105 1094 1219 1122 sono
1241 1073 1438 1124 anchora
1460 1080 1536 1137 piu
1563 1082 1608 1124 di
1631 1081 1837 1137 quaranti
1859 1096 1973 1138 pou-

348 1142 442 1186 ueri
463 1140 639 1193 scolari,
664 1128 784 1196 quali
806 1142 926 1183 hano
947 1139 1134 1182 mattina
1157 1146 1202 1182 et
1223 1153 1323 1183 sera
1344 1140 1461 1184 della
1481 1148 1605 1184 corte
1626 1142 1712 1184 doe
1739 1142 1826 1186 olle
1855 1142 1973 1185 bone

346 1215 431 1244 con
454 1207 679 1244 manestre
701 1209 747 1244 et
769 1214 884 1255 pane
905 1199 977 1242 del
999 1198 1207 1255 collegio,
1233 1206 1277 1242 et
1300 1213 1347 1242 se
1377 1198 1613 1244 chiamano
1640 1200 1798 1256 ollarij,
1824 1207 1869 1245 et
1891 1215 1972 1244 an-

346 1262 484 1304 chora
511 1259 658 1316 questi
686 1273 912 1316 mangeno
934 1258 980 1301 in
1003 1258 1195 1311 collegio
1217 1258 1263 1301 in
1285 1273 1373 1302 vna
1395 1267 1517 1303 certa
1538 1268 1694 1304 stanza
1715 1260 1963 1317 assignata.

435 1319 560 1363 Tutti
584 1318 730 1374 questi
752 1317 974 1375 collegiali
997 1325 1042 1362 et
1059 1318 1216 1373 ollarij‚
1239 1318 1354 1361 oltra
1375 1319 1550 1362 l’andar
1571 1320 1655 1363 alle
1677 1319 1878 1372 lettione,
1903 1319 1972 1362 di-

347 1386 479 1436 spute
496 1386 541 1422 et
564 1377 761 1434 exercitij
789 1377 1060 1432 scholastici,
1086 1391 1197 1421 sono
1219 1377 1407 1434 obligati
1428 1378 1473 1421 di
1495 1379 1562 1421 far
1577 1378 1608 1421 il
1624 1379 1810 1423 seruitio
1828 1386 1873 1422 et
1889 1379 1974 1422 mi-

348 1437 536 1483 nisterio
558 1437 863 1481 ecclesiastico
885 1437 930 1479 in
953 1445 1152 1491 cantare,
1177 1436 1444 1491 ministrare,
1469 1445 1514 1481 et
1536 1438 1706 1483 seruire
1732 1439 1818 1482 alla
1838 1438 1974 1482 missa

348 1506 394 1543 et
415 1497 445 1541 li
467 1497 661 1553 vesperi,
687 1503 773 1540 etc.

439 1558 562 1602 Sono
583 1556 772 1613 obligati
794 1555 839 1598 di
856 1555 1017 1612 pigliar
1038 1555 1183 1599 ordini
1200 1556 1273 1600 alli
1290 1556 1356 1600 soi
1374 1556 1529 1613 tempi,
1551 1558 1731 1612 quando
1748 1572 1859 1601 sono
1875 1556 1972 1600 ido—

348 1617 437 1670 nei3
463 1615 745 1660 s'instruisce
766 1615 813 1658 in
834 1616 876 1659 la
892 1630 1001 1659 cura
1017 1617 1257 1672 pastorale,
1277 1630 1412 1672 sopra
1428 1617 1471 1659 la
1488 1618 1619 1673 quale
1636 1618 1661 1660 e
1680 1632 1767 1660 vna
1784 1616 1973 1662 lettione

347 1683 565 1733 perpetua
586 1676 661 1719 nel
680 1675 796 1719 libro
818 1676 890 1718 del
914 1675 1059 1719 Padre
1082 1676 1148 1718 fra
1177 1675 1351 1719 Pietro.
1390 1676 1511 1720 Sono
1540 1675 1727 1733 obligati
1754 1677 1799 1720 di
1821 1683 1967 1721 accet-

349 1743 433 1789 tar,
459 1735 650 1778 essendo
671 1734 838 1791 idonei,
863 1748 972 1779 cure
994 1742 1039 1779 et
1060 1734 1161 1779 altri
1182 1734 1414 1790 ministerij
1439 1735 1483 1778 di
1506 1735 1687 1780 chiesia.

436 1793 600 1851 Questi
622 1793 746 1838 vorei
768 1793 998 1838 viuessero
1020 1809 1150 1838 come
1173 1795 1233 1837 fin
1256 1797 1366 1838 hora
1386 1796 1483 1838 suis
1505 1795 1680 1852 legibus
1710 1798 1751 1838 et
1777 1795 1969 1848 statutis,

345 1855 428 1897 sub
445 1854 652 1911 propriis
674 1854 932 1910 magistris.

436 1916 506 1958 De
527 1913 620 1970 piu,
646 1914 759 1956 oltra
780 1912 825 1955 di
848 1919 1023 1968 questo,
1043 1927 1154 1956 sono
1171 1912 1295 1956 molti
1312 1912 1425 1969 varij
1451 1912 1657 1970 discipuli
1679 1914 1736 1956 da
1758 1913 1882 1956 molti
1905 1914 1970 1956 lo-

344 1973 432 2026 chi,
459 1972 580 2030 quali
601 1972 817 2016 habitano
839 1977 971 2015 extra
992 1973 1230 2029 collegium
1251 1972 1297 2015 in
1327 1987 1431 2022 case
1452 1972 1556 2017 delli
1584 1972 1807 2016 cittadini.
1847 1974 1971 2018 Sono

344 2035 542 2076 anchora
564 2031 689 2075 molti
710 2031 869 2088 figlioli
891 2032 947 2074 de
969 2031 1188 2085 cittadini,
1214 2032 1334 2088 quali
1355 2032 1522 2075 viuano
1543 2038 1661 2075 sotto
1678 2047 1767 2075 vno
1784 2039 1966 2085 restore,

343 2099 389 2136 et
410 2094 529 2135 hano
551 2091 617 2134 soi
638 2090 811 2143 statuti,
838 2090 1085 2148 priuilegij,
1117 2098 1162 2135 et
1193 2092 1373 2147 quando
1406 2092 1576 2137 fossero
1606 2106 1692 2135 con
1721 2093 1762 2136 le
1784 2091 1969 2135 lettione

325 2152 400 2196 -de
421 2153 463 2194 la
484 2150 719 2206 disciplina
740 2150 907 2206 meglio
930 2150 1219 2207 gouuernati,
1245 2165 1335 2194 non
1358 2152 1383 2194 ὲ
1405 2151 1542 2194 dubio
1564 2153 1649 2194 che
1670 2149 1965 2203 cresceriano,

344 2211 536 2255 essendo
557 2210 718 2255 adesso
740 2209 786 2252 in
810 2217 928 2252 tutto
950 2209 1068 2253 circa
1093 2220 1178 2265 250
1200 2210 1394 2254 scholari
1415 2210 1579 2255 interni
1601 2218 1646 2254 et
1667 2209 1857 2254 externi.

435 2272 521 2313 Per
543 2268 849 2313 stabilimento
879 2269 1089 2325 adonque
1117 2270 1232 2313 delle
1262 2270 1470 2324 lettione,
1501 2269 1681 2326 dispute
1702 2277 1748 2314 et
1768 2268 1966 2325 exercitij

344 2328 622 2381 scholastici,
654 2330 790 2373 credo
819 2343 910 2371 non
938 2335 1067 2385 poter
1097 2329 1162 2372 far
1190 2329 1266 2385 piu
1303 2329 1554 2372 necessaria
1586 2335 1631 2373 et
1658 2336 1786 2372 santa
1814 2343 1965 2385 opera,

343 2390 428 2431 che
449 2388 494 2431 di
515 2387 795 2456 aggiongere
816 2403 906 2431 vno
935 2388 1126 2456 collegio
1154 2388 1260 2431 dilla
1286 2388 1563 2445 Compagnia
1589 2388 1634 2430 di
1657 2390 1788 2446 Jesu,
1813 2389 1872 2430 ad
1893 2389 1968 2430 in-

344 2452 443 2491 star
466 2448 643 2514 collegii
660 2448 711 2490 in
732 2448 852 2501 vrbe,
873 2461 959 2490 con
981 2447 1047 2490 soi
1070 2447 1328 2504 priuileggi,
1360 2448 1663 2516 preminenza,
1695 2446 1966 2501 essentione,

344 2507 502 2551 statuti
524 2513 568 2550 et
591 2506 799 2558 costumi,
825 2521 915 2549 non
947 2507 1222 2549 subiiciendo
1244 2508 1342 2550 illos
1364 2508 1458 2556 nisi
1479 2508 1763 2550 sanctissimo
1789 2507 1969 2549 domino

343 2570 496 2609 nostro
513 2570 553 2608 et
569 2581 650 2609 suo
658 2567 914 2622 praeposito
927 2567 1140 2623 generali
1150 2572 1240 2623 pro
1259 2570 1452 2622 tempore
1468 2567 1688 2619 existenti,
1706 2580 1834 2609 come
1850 2565 1968 2609 circa

342 2632 503 2681 questo
525 2639 574 2668 se
596 2627 726 2681 potra
748 2626 813 2668 far
836 2625 1075 2668 concordia
1097 2633 1142 2669 et
1163 2641 1368 2682 espressa
1384 2625 1771 2678 determinatione,
1797 2625 1967 2682 confir-

344 2685 515 2727 manda
532 2699 611 2741 per
629 2685 719 2729 Soa
737 2684 1039 2738 Beatitudine,
1059 2686 1125 2727 lor
1146 2684 1380 2741 superiori,
1401 2699 1471 2728 me
1492 2686 1641 2738 etiam,
1663 2699 1794 2729 come
1814 2698 1963 2741 spero,

342 2745 538 2787 anchora
561 2743 591 2786 il
623 2743 815 2800 capitolo
837 2751 1114 2800 augustano.
1148 2745 1323 2800 Questo
1345 2745 1537 2801 collegio
1564 2745 1795 2788 Societatis
1821 2745 1880 2787 ha
1909 2744 1967 2788 de

340 2804 507 2847 hauere
530 2802 706 2859 proprie
727 2810 880 2846 stanze
902 2805 1137 2848 commode
1157 2810 1202 2847 et
1229 2805 1361 2847 bone:
1396 2806 1516 2847 hano
1543 2804 1599 2847 da
1621 2803 1749 2847 viuer
1779 2802 1966 2847 insiemo

340 2861 386 2904 in
405 2861 583 2929 proprio
601 2861 847 2910 refettorio:
868 2865 986 2905 hano
1003 2864 1060 2906 da
1076 2865 1242 2908 hauere
1258 2862 1436 2919 proprie
1458 2870 1502 2907 et
1524 2862 1776 2907 sufficiente
1791 2862 1965 2906 intrade

341 2920 571 2977 assignate
592 2922 688 2965 loro
709 2936 839 2988 sopra
860 2922 978 2964 lochi
1000 2922 1131 2966 certi:
1162 2924 1280 2966 hano
1302 2922 1359 2965 da
1384 2924 1552 2967 hauere
1579 2937 1662 2966 suo
1690 2921 1919 2989 preposito
1937 2935 1965 2964 o

341 2994 450 3024 uero
473 2987 655 3034 rettore,
680 2980 746 3024 soi
770 2980 966 3035 maestri,
991 2981 1172 3036 dottori,
1198 2981 1470 3041 philosophi,
1500 2981 1659 3034 artisti,
1685 2979 1964 3038 grammatici

341 3046 386 3083 et
408 3039 558 3083 lettori
583 3039 700 3084 nelle
722 3039 877 3096 lingue
899 3040 1052 3092 latina,
1078 3055 1230 3097 greca,
1255 3035 1440 3085 hebrea

1980 5 1988 13 ·
2033 0 2076 18 ‘1⁴¹³‘
2087 0 2196 33 Ff'dvfflssn
