2196 3522
0 0 243 42 §³³³0wvaevm
460 8 480 11 v*
510 0 546 7 ¹·
579 0 593 13 ν
650 0 654 2 ’

869 278 893 315 4
918 269 1165 306 Dncnunms
1193 267 1283 314 1562
1826 267 1892 313 167

266 385 317 415 se
336 371 499 427 pueda‚
524 385 573 415 se
600 385 750 428 uenga
778 375 804 415 a
830 372 874 415 lo
900 370 1157 428 particular,
1180 385 1211 427 y
1237 384 1287 414 se
1318 369 1523 414 soliciten
1543 369 1891 426 especialmente

266 448 333 491 las
352 447 613 491 dotaciones
634 449 691 493 de
714 449 781 492 103
801 447 1016 505 collegios
1041 449 1068 492 ¹.

352 536 395 579 4.
461 525 620 568 Embio
642 529 668 568 a
695 526 753 570 V.
785 526 840 569 R.
872 539 935 568 un
962 524 1159 581 capitulo
1187 524 1244 567 de
1272 538 1362 567 una
1387 525 1501 569 letra
1528 524 1602 569 del
1625 525 1678 567 P.
1703 526 1760 568 D.
1788 525 1889 568 Ma-

265 600 365 644 drid
385 616 493 658 para
513 616 603 658 que
623 602 731 659 diga
752 616 806 646 su
827 616 1011 659 parecer
1030 602 1163 646 sobre
1183 603 1301 659 Joan
1328 600 1488 654 Fauio,
1514 600 1773 645 coloniense
1800 601 1833 655 ';
1858 615 1888 658 y

264 680 520 732 asimesmo,
555 679 593 722 si
614 680 657 724 le
678 683 904 736 parecera,
935 679 1015 722 dar
1032 678 1159 722 auiso
1180 679 1313 722 sobre
1333 679 1376 722 el
1396 685 1495 721 otro
1512 679 1683 736 Jacobo
1706 679 1739 732 ⁵,
1763 678 1887 722 colo-

267 754 440 800 niense.

356 843 396 887 5.
462 834 515 876 El
538 835 647 877 M.r0
675 833 884 877 Emundo
906 833 923 854 ⁴
945 847 1034 889 que
1054 836 1151 877 esta
1171 846 1230 876 en
1251 831 1397 876 Viena
1417 832 1474 875 de
1495 831 1682 875 Francia
1706 834 1763 875 ha
1789 847 1886 877 em-

266 909 399 954 biado
421 914 524 966 aqui
547 914 573 954 a
602 912 772 955 Trento
800 915 827 954 a
854 911 1084 967 Stephano
1106 909 1340 954 Mirauello
1361 923 1448 952 con
1467 909 1605 953 letras
1628 910 1643 931 ⁵
1665 909 1884 953 auisando

267 987 322 1030 de
343 987 386 1031 la
407 994 583 1031 muerte
604 987 677 1032 del
699 989 752 1031 P.
777 989 881 1031 Don
904 986 1148 1031 Paschasio
1168 988 1202 1039 ⁶,
1221 1000 1310 1042 que
1331 999 1380 1029 es
1400 1000 1459 1029 en
1479 985 1638 1042 gloria,
1664 999 1748 1029 con
1772 989 1817 1031 M
1825 997 1889 1030 ,ro

268 1065 380 1107 Otto
404 1066 418 1086 ⁷
443 1079 473 1120 y
495 1066 610 1122 Joan
637 1065 882 1120 saboyano,
914 1079 944 1121 y
972 1071 1072 1108 otro
1092 1065 1207 1122 Joan
1231 1060 1466 1106 coadiutor
1487 1064 1520 1115 ⁸,
1552 1078 1581 1119 y
1609 1070 1731 1106 otros
1758 1064 1840 1107 dos
1860 1068 1889 1107 ό

267 1148 357 1185 tres
379 1142 579 1198 seglares
599 1155 688 1196 que
709 1141 962 1197 platicauan
984 1156 1042 1186 en
1063 1146 1248 1184 nuestra
1267 1154 1371 1183 casa
1392 1140 1449 1184 de
1471 1141 1613 1183 Paris.
1648 1130 1700 1183 El
1731 1155 1889 1196 espera

264 1217 443 1262 reduzir
463 1224 614 1275 presto
635 1222 661 1261 a
683 1219 866 1261 Tornon
887 1218 929 1263 el
950 1217 1160 1274 collegio;
1185 1232 1230 1274 y,
1250 1219 1398 1273 segun
1413 1231 1468 1260 su
1489 1223 1669 1271 cuenta,
1688 1232 1745 1272 ya
1767 1224 1887 1261 esta—

266 1297 316 1337 ni
337 1295 512 1348 dentro;
537 1310 567 1350 y
594 1295 661 1338 103
689 1294 865 1350 herejes
891 1309 950 1338 no
978 1295 1068 1337 han
1097 1294 1256 1338 tocado
1277 1294 1393 1337 nada
1420 1294 1478 1336 de
1506 1300 1713 1338 nuestras
1740 1307 1884 1337 cosas.

268 1372 469 1415 Muestra
484 1370 753 1415 inclinacion
769 1375 796 1415 a
811 1370 1014 1428 predicar
1030 1385 1088 1414 en
1106 1372 1231 1415 Le6n
1247 1379 1343 1415 este
1359 1370 1572 1414 aduiento
1588 1386 1618 1427 y
1632 1384 1885 1426 quaresma,

263 1447 320 1492 de
351 1448 499 1492 donde
530 1448 758 1508 se-colige
788 1449 831 1492 la
861 1463 1078 1506 speranza
1109 1462 1197 1505 que
1228 1461 1278 1491 36
1309 1450 1431 1491 tenia
1450 1461 1579 1490 como
1607 1446 1746 1491 cierta
1767 1462 1824 1491 en
1845 1447 1887 1493 el

261 1537 418 1581 campo
439 1525 496 1568 de
516 1525 584 1568 103
605 1525 866 1580 catholicos,
891 1525 1039 1570 donde
1060 1526 1102 1569 61
1123 1532 1280 1569 estaua
1301 1528 1328 1567 a
1348 1524 1416 1568 103
1444 1537 1494 1568 10
1515 1525 1572 1569 (16
1595 1524 1884 1577 Nouiembre‚

336 1655 348 1677 ¹
400 1654 511 1691 «Non
528 1655 560 1691 si
579 1655 748 1702 potendo
766 1667 835 1704 per
851 1655 990 1692 adesso
1014 1655 1246 1692 concludere
1269 1655 1296 1692 li
1319 1654 1471 1702 negocij
1496 1655 1598 1691 della
1622 1655 1820 1692 dotatione
1838 1655 1888 1692 (16

263 1714 434 1760 eollegij,
450 1714 657 1761 bisognera
674 1715 868 1751 aduertite
891 1727 913 1751 a
931 1715 1123 1762 stringere
1146 1720 1286 1763 questo
1303 1715 1486 1762 negocio,
1510 1714 1663 1762 quando
1682 1715 1718 1750 ci
1744 1715 1827 1751 sara
1852 1716 1889 1751 la

263 1772 509 1818 commodita3
529 1779 569 1809 et
587 1774 619 1810 si
638 1773 714 1821 puo
730 1775 889 1811 credere
906 1775 978 1810 che
997 1786 1066 1822 per
1081 1775 1171 1822 quel
1190 1775 1262 1810 che
1285 1774 1476 1810 conuiene
1501 1786 1523 1810 a
1547 1775 1628 1819 loro
1647 1780 1747 1810 stato
1773 1786 1815 1810 se
1840 1774 1888 1810 ri-

263 1834 493 1868 solueranno
509 1845 561 1868 un
578 1833 617 1869 di
634 1833 683 1869 de
701 1834 874 1870 stabilire
898 1834 1026 1882 quest'
1045 1845 1200 1880 opere.»
1219 1834 1278 1869 Ex
1295 1833 1459 1881 epistola
1477 1834 1637 1870 Polanci
1651 1834 1700 1869 ad
1714 1835 1756 1870 P.
1773 1833 1889 1870 Cani-

263 1891 378 1939 sium,
395 1891 587 1938 Tridenti,
606 1893 627 1928 8
643 1893 872 1930 Decembris
889 1893 993 1938 1562,
1011 1893 1114 1929 data.
1133 1892 1228 1929 Cod.
1245 1903 1289 1939 33
1306 1893 1359 1940 c),
1379 1893 1423 1929 ff.
1447 1903 1508 1939 91,
1526 1903 1590 1939 92.
1617 1894 1727 1929 Hane
1746 1894 1888 1941 episto-

264 1952 340 1986 lam
369 1950 561 1998 integram
591 1964 639 1987 ex
670 1952 807 1988 eodem
836 1952 970 1988 codice
1005 1952 1272 1999 depromptam
1302 1953 1423 1995 habes
1456 1953 1496 1988 in
1529 1954 1887 2000 BRAUNSBERGER,

262 2012 337 2046 loc.
355 2010 446 2056 cit.,
467 2012 538 2058 III,
557 2020 726 2058 555-559.
758 2011 819 2048 Cf.
844 2012 988 2048 ibidem
1011 2011 1302 2048 annotationem
1331 2018 1582 2049 monumento
1606 2012 1674 2058 298
1699 2012 1886 2060 additam,

264 2080 385 2116 pagg.
408 2068 492 2116 686,
509 2069 594 2116 687,
613 2071 679 2106 ubi
699 2073 794 2107 haec
812 2071 940 2106 omnia
959 2070 1076 2106 variis
1099 2070 1343 2107 documentis
1366 2071 1622 2107 illustrantur.
1643 2071 1742 2107 Vide
1769 2071 1886 2107 etiam

262 2139 392 2175 supra,
408 2129 528 2176 epist.
552 2138 635 2176 227,
654 2142 723 2166 nn.
751 2139 766 2166 1
787 2135 826 2166 et
845 2140 879 2166 2.

325 2190 340 2210 ²
391 2189 562 2234 Joannes
580 2189 737 2232 Fabius,
756 2189 1023 2225 dionantensis
1041 2189 1136 2236 fuit,
1162 2195 1204 2226 ut
1229 2190 1314 2237 ipse
1340 2190 1381 2226 in
1405 2191 1583 2227 examine
1607 2191 1779 2238 scripsit.
1812 2191 1888 2227 Hic

256 2251 387 2282 autem
405 2247 638 2283 coloniensis
663 2248 751 2284 ideo
768 2248 807 2284 ni
825 2248 993 2284 fallimur
1010 2254 1184 2300 vocatur,
1202 2249 1306 2297 quod
1323 2255 1411 2298 post
1429 2250 1513 2297 ejus
1528 2250 1747 2297 ingressum
1764 2250 1802 2286 in
1818 2250 1885 2285 So-

255 2305 438 2341 cietatem
462 2306 647 2343 Coloniae
674 2319 827 2354 semper
851 2307 993 2343 mansit
1017 2307 1142 2344 donec
1165 2309 1328 2345 Romam
1350 2321 1372 2345 a
1397 2310 1527 2346 Natali
1546 2310 1687 2346 missus
1707 2316 1781 2356 est,
1810 2311 1885 2345 sub

257 2364 374 2400 finem
390 2365 560 2411 Augusti
581 2366 688 2410 1562.
712 2366 812 2402 Vide
829 2366 1097 2414 appendicem,
1116 2379 1155 2403 n.
1172 2368 1244 2404 IX.

331 2424 345 2444 ³
395 2425 564 2470 Jacobus
578 2425 640 2460 hic
653 2425 887 2461 coloniensis
901 2425 1065 2462 fortasse
1079 2431 1139 2462 est
1153 2427 1219 2463 ille
1233 2428 1403 2474 Jacobus
1412 2429 1687 2476 Miintz,quem
1703 2428 1743 2464 in
1759 2429 1886 2475 Ephe-

258 2482 473 2516 meridibus
486 2483 632 2529 (supra,
651 2494 738 2529 pag.
757 2486 819 2529 97)
833 2483 886 2519 ait
905 2483 1053 2521 Natalis
1067 2495 1199 2520 secum
1214 2485 1375 2522 Colonia
1389 2486 1586 2533 eduxisse,
1606 2492 1645 2522 et
1659 2492 1795 2534 postea
1809 2487 1885 2521 Ro-

266 2551 367 2574 mam
384 2540 551 2576 misisse.
573 2543 632 2576 De
651 2553 697 2577 eo
715 2554 842 2578 sermo
858 2542 960 2578 redit
977 2542 1017 2578 in
1034 2543 1263 2591 appendice,
1282 2545 1350 2581 IX.

330 2600 344 2620 ⁴
394 2599 437 2634 P.
457 2599 682 2636 Edmundus
702 2601 913 2648 Augerius,
938 2601 986 2637 de
1009 2614 1085 2649 quo
1111 2602 1265 2650 saepius
1288 2610 1417 2640 actum
1438 2610 1499 2641 est
1519 2605 1558 2640 in
1572 2605 1706 2651 Epist.
1726 2604 1882 2646 Natal.,

255 2658 341 2693 vol.
365 2658 397 2704 1,
416 2658 483 2693 ubi
500 2658 584 2705 ejus
603 2671 767 2696 examen
784 2660 989 2707 reperitur,
1008 2672 1128 2708 pagg.
1150 2670 1234 2707 740,
1252 2670 1318 2708 741
1331 2690 1340 2699 .

331 2718 345 2738 ⁵
394 2718 588 2764 Excerpta
606 2730 655 2754 ex
673 2718 757 2765 ejus
775 2720 953 2756 examine
972 2719 1061 2756 vide
1085 2721 1124 2756 in
1141 2721 1368 2768 appendice,
1389 2723 1423 2759 1.

330 2777 344 2797 ⁶
393 2776 438 2810 P.
458 2776 688 2813 Paschasius
703 2778 832 2814 Broe't.
853 2778 953 2814 Vide
974 2779 1102 2827 Epist.
1122 2780 1276 2824 Natat„
1293 2789 1376 2827 517,
1393 2781 1478 2829 738,
1497 2790 1650 2828 749·751
1662 2809 1670 2818 .
1692 2782 1783 2818 Vita
1799 2781 1886 2818 fun-

252 2840 350 2870 ctus
366 2834 441 2870 fuit
462 2844 504 2880 14
522 2836 763 2883 Septembris
784 2837 890 2883 1562.
916 2838 1016 2874 Vide
1034 2838 1252 2886 Saccmm,
1271 2841 1349 2877 loc.
1371 2842 1455 2886 cit.,
1475 2854 1513 2877 n.
1534 2851 1599 2887 92.

337 2897 350 2916 ⁷
400 2893 505 2931 Otho
522 2895 733 2942 Briamont,
752 2896 801 2932 de
818 2908 895 2944 quo
918 2897 1008 2933 vide
1026 2898 1154 2945 Epist.
1175 2898 1330 2942 Natal„
1349 2901 1382 2946 Ι,
1401 2909 1485 2947 749,
1503 2909 1590 2946 751.
1609 2899 1804 2938 Occubuit
1823 2911 1888 2936 au-

263 2959 344 2989 tem
362 2952 426 2988 die
444 2962 490 2999 29
508 2954 677 3000 Augusti
698 2956 802 3000 1562.

333 3012 349 3033 ⁸
396 3012 447 3048 Hi
461 3013 537 3049 duo
555 3013 664 3059 socii,
682 3015 854 3060 Joannes
867 3015 1040 3051 allobrox
1058 3021 1099 3051 et
1112 3017 1283 3063 Joannes
1296 3019 1533 3066 Borghesius
1549 3030 1570 3054 a
1586 3018 1775 3054 Sacchino
1788 3030 1883 3054 nun-

258 3078 464 3119 cupantur,
484 3074 562 3109 loc.
585 3072 668 3119 cit.,
689 3085 727 3109 n.
746 3083 811 3120 92.
