2196 3522
335 300 403 350 588
943 300 1082 339 EP1sT.
1110 300 1154 338 P.
1182 300 1332 339 NADAL

328 404 522 461 collegio
544 417 784 447 romano...
811 416 884 447 20.
910 405 1080 449 Romae
1108 419 1186 461 per
1215 411 1355 449 totam
1384 405 1776 463 quadragesimam
1803 406 1868 452 fui
1889 406 1960 452 in·-

328 464 520 517 firmior,
544 463 747 507 laboraui
775 463 896 508 enim
919 463 1119 507 febribus
1147 479 1227 520 per
1256 471 1395 509 totam
1419 473 1630 519 estatem,
1655 467 1808 511 dolore
1835 467 1959 524 capi-

330 524 386 567 tis
408 524 600 566 multum
623 524 909 577 molestabar,
941 538 1089 579 neque
1119 525 1268 567 adhuc
1296 525 1419 568 omni
1446 540 1503 569 ex
1524 532 1650 582 parte
1672 540 1772 569 sum
1793 526 1958 571 libera-

330 591 417 626 tus.
451 583 586 640 [Sclz].
629 596 665 626 1.
698 584 959 639 Antequam
987 584 1044 626 ad
1071 583 1343 628 Societatem
1381 585 1604 638 uenirem,
1636 599 1816 641 operam
1853 587 1957 632 dedi

329 642 636 699 philosophiae
651 649 846 698 quatuor
867 657 1025 696 annos,
1046 651 1090 687 et
1113 643 1371 700 theologiae
1393 659 1471 700 per
1495 659 1636 687 unum
1658 660 1836 688 annum.
1862 647 1955 690 Ro-

327 717 428 747 mae
451 717 558 746 uero
585 701 739 745 audiui
767 701 1107 759 metaphisicam
1130 704 1214 746 sub
1237 704 1351 747 Rdo.
1378 706 1514 747 Patre
1536 705 1712 749 Toleto.
1741 716 1782 748 2.
1809 706 1955 749 Ante-

327 776 463 817 quam
486 764 674 806 Romam
697 761 914 815 uenirem,
941 777 1118 818 semper
1140 762 1204 805 fui
1226 777 1379 806 sanus.
1410 764 1502 819 [IV,
1530 774 1631 818 754,
1658 764 1760 822 755]

421 834 452 865 1.
517 823 669 866 Vocor
696 823 729 864 I
732 822 889 865 homas
912 822 1190 878 Negalienos
1211 823 1237 865 ¹.
1257 835 1298 866 2.
1321 824 1482 866 Habeo
1498 837 1644 866 annos
1671 824 1740 867 18.
1770 837 1815 878 3.
1847 824 1958 868 Sum

325 881 507 925 natione
534 882 735 924 sclauus.
757 916 765 924 .
787 915 795 923 .
834 893 905 925 12.
938 881 1089 937 Quam
1119 896 1220 924 sum
1247 881 1294 924 in
1323 881 1551 927 Societate
1578 889 1686 926 sunt
1707 890 1814 927 ante
1845 883 1960 926 duos

324 956 503 986 menses
524 940 664 997 elapsi
687 953 712 984 2
735 940 860 984 anni.
891 941 1068 984 Deinde
1089 955 1188 983 sum
1218 948 1428 998 receptus
1456 941 1699 986 Tirnauiae
1721 949 1766 987 et
1788 941 1959 987 exami-

324 1008 475 1055 natus,
501 1007 546 1045 et
567 1000 702 1045 etiam
725 1000 949 1045 Viennae.
972 1035 979 1042 .
1001 1034 1010 1043 .
1048 1012 1119 1054 14.
1152 1002 1313 1044 Habeo
1336 1008 1529 1057 quatuor
1550 1001 1766 1046 minores.
1805 1012 1876 1057 15.
1910 1003 1960 1045 In
2023 1030 2026 1032 ψ

325 1061 449 1104 nullo
471 1060 558 1103 alio
579 1059 774 1117 collegio
796 1059 998 1103 habitaui
1020 1066 1197 1116 praeter
1218 1062 1325 1103 hoc.
1348 1095 1356 1103 .
1378 1095 1386 1103 .
1419 1062 1470 1104 In
1497 1061 1622 1105 nulla
1649 1076 1699 1105 re
1719 1075 1819 1104 sum
1851 1075 1959 1118 pro—

325 1128 490 1163 motus.
517 1121 777 1175 Antequam
801 1119 1075 1164 Societatem
1097 1118 1331 1176 ingressus
1348 1135 1466 1172 sum,
1486 1119 1640 1164 studui
1657 1135 1735 1177 per
1752 1122 1779 1164 6
1796 1135 1955 1175 annos;

325 1187 370 1224 et
391 1179 437 1222 in
460 1179 691 1224 Societate
712 1194 792 1236 per
814 1194 953 1222 vnum
976 1185 1021 1221 et
1044 1179 1138 1223 fere
1158 1179 1412 1222 dimidium.
1445 1181 1703 1236 Numquam
1720 1180 1854 1223 docui
1872 1195 1955 1231 an-

326 1246 507 1295 tequam
543 1253 644 1282 sum
681 1238 916 1294 ingressus
948 1237 1237 1283 Societatem.
1269 1240 1466 1283 Thomas
1493 1240 1698 1284 Sclavus.
1734 1241 1826 1296 [IV,
1853 1240 1954 1295 745]

419 1311 455 1342 Ι.
521 1300 676 1343 Vocor
717 1299 931 1341 Urbanus
967 1298 1204 1355 Ziffeleus.
1252 1311 1298 1341 2.
1336 1299 1497 1342 Annos
1533 1299 1710 1342 circiter
1738 1298 1944 1356 triginta.

325 1371 370 1414 3.
403 1357 599 1403 Natione
620 1372 880 1415 germanus,
912 1356 1185 1414 pataviensis
1217 1358 1264 1415 [ἓ]
1294 1358 1530 1403 Bavariae.
1552 1393 1590 1401 ..
1634 1371 1705 1402 12.
1744 1357 1956 1415 Exceptis

324 1419 504 1462 duobus
527 1417 756 1461 mensibus
781 1418 853 1461 uel
875 1416 1067 1469 circiter,
1093 1431 1181 1474 ago
1202 1416 1290 1460 iam
1313 1417 1631 1461 duodecimum
1654 1417 1702 1460 in
1724 1417 1957 1463 Societate

324 1493 509 1521 annum.
535 1478 773 1534 Ingressus
795 1476 1001 1521 Viennae
1023 1476 1253 1530 Austriae,
1279 1477 1615 1521 examinatus...
1648 1489 1713 1531 14.
1736 1478 1958 1522 Sacerdos

323 1544 557 1594 promotus
579 1551 681 1580 sum
703 1538 845 1580 Rome
871 1536 918 1578 in
945 1537 993 1581 S.
1018 1537 1197 1594 Joanne
1226 1538 1449 1581 Laterano
1483 1537 1614 1592 1564.
1659 1547 1726 1592 15.
1758 1536 1845 1580 Fui
1878 1551 1959 1593 per

323 1596 558 1640 dimidium
581 1611 750 1639 annum
774 1598 966 1652 Pragae,
993 1595 1137 1638 tribus
1159 1595 1385 1648 Viennae,
1417 1596 1617 1652 quinque
1639 1598 1824 1650 Romae,
1859 1611 1954 1641 me-

323 1656 447 1700 dium
470 1655 679 1713 Neapoli3
703 1655 811 1698 illuc
832 1655 878 1698 in
900 1654 1263 1712 peregrinatione
1282 1655 1469 1699 ueniens
1492 1655 1685 1712 longiori
1702 1656 1859 1700 morbo
1876 1656 1958 1699 de-

323 1723 492 1761 tentus.
519 1715 826 1760 Concionatus
854 1716 994 1759 ferme
1022 1729 1101 1771 per
1131 1715 1379 1759 biennium.
1408 1714 1600 1759 Parochi
1622 1715 1746 1759 uices
1768 1715 1815 1759 in
1837 1730 1957 1772 pago

323 1783 417 1819 toto
440 1776 533 1820 sere
560 1777 647 1818 hoc
668 1774 867 1828 bienni03
894 1774 988 1829 jam
1011 1788 1120 1819 uero
1142 1774 1449 1819 ecclesiastem
1478 1790 1566 1832 ago
1593 1774 1791 1818 ciuitatis
1819 1774 1957 1818 huius

322 1834 639 1892 tyrnauiensis.
661 1836 846 1878 Praeter
862 1833 1104 1877 conciones
1119 1832 1384 1888 ordinarias,
1403 1834 1491 1878 iarn
1514 1834 1760 1879 rhetorices
1777 1834 1954 1891 profes-

321 1895 387 1938 sio
410 1894 517 1938 mihi
540 1893 813 1937 incumbit...
841 1894 914 1937 Ad
932 1893 1178 1950 magisterij
1199 1895 1390 1951 gradum
1407 1901 1639 1951 promotus
1656 1909 1756 1938 sum
1781 1896 1954 1938 Romae

322 1970 347 1998 a
369 1956 554 1998 doctore
576 1954 822 1997 Emanuele
854 1967 973 1996 anno
1003 1954 1128 2008 1561.
1156 1953 1256 2010 [1V,
1283 1954 1384 2011 815]

415 2027 455 2057 1.
503 2013 794 2056 Valerianus.
842 2025 887 2055 2.
925 2012 1098 2069 Viginti
1130 2027 1296 2058 nouem
1326 2012 1524 2057 circiter:
1560 2028 1651 2056 non
1680 2019 1803 2057 certe
1830 2012 1944 2057 scio.

321 2086 362 2129 3.
388 2072 537 2118 Gallie
558 2071 806 2129 prouincie,
832 2072 1117 2128 episcopatus
1143 2072 1400 2126 leodiensis,
1426 2072 1570 2129 patrie
1590 2072 1954 2130 luximborgien—

318 2134 433 2177 sis...
462 2134 504 2176 6.
538 2133 588 2176 In
610 2131 837 2177 Societate
866 2146 1006 2176 vnum
1038 2133 1184 2176 habeo
1214 2133 1419 2186 fratrem3
1451 2147 1627 2176 sorores
1655 2139 1806 2176 autem
1840 2134 1955 2176 duas

318 2201 500 2249 nuptas,
525 2199 570 2235 et
591 2192 705 2235 duas
726 2192 863 2234 habet
885 2198 1027 2234 mater
1050 2192 1168 2247 apud
1190 2206 1255 2236 se.
1283 2203 1324 2246 7.
1358 2191 1530 2235 Partim
1558 2191 1606 2234 in
1633 2191 1795 2247 studijs
1818 2192 1954 2235 Colo-

319 2252 420 2297 niae
442 2259 487 2296 et
510 2250 738 2304 Treueris,
763 2250 927 2307 partim
950 2251 1085 2295 etiam
1108 2252 1228 2307 apud
1250 2258 1460 2307 parentes
1482 2258 1528 2295 et
1549 2252 1800 2295 auonculos
1829 2258 1953 2295 tran-

319 2312 418 2368 segi
440 2319 634 2368 tempus.
662 2311 703 2353 8.
736 2309 948 2365 Aliquam
976 2310 1286 2354 difficultatem
1314 2310 1359 2353 in
1391 2310 1539 2354 officio
1566 2310 1758 2354 ministri
1786 2309 1948 2364 sentio,

319 2372 393 2450 cuoi
435 2385 526 2414 non
569 2384 754 2438 possum
795 2369 1054 2413 satisfacere
1096 2370 1194 2414 sine
1235 2370 1385 2425 aliquo
1428 2369 1593 2413 auxilio
1641 2369 1946 2413 subministri

321 2444 362 2474 2.
369 2431 533 2486 oquod
555 2431 652 2473 sine
673 2429 862 2486 lingua
852 2444 897 2471 1n
919 2431 1005 2472 hac
1027 2429 1170 2486 patria
1185 2444 1355 2473 versor.
1379 2443 1419 2485 3.
1427 2431 1560 2472 ⁰tam
1578 2444 1716 2486 prope
1732 2430 1852 2486 apud
1868 2444 1950 2486 pa-

320 2498 486 2535 rentes.
508 2492 582 2534 Me
599 2488 815 2532 submitto
833 2488 999 2532 iudicio
1015 2489 1378 2533 obedientiae...
1412 2501 1482 2532 12.
1509 2490 1646 2532 Anno
1663 2488 1948 2545 quinquage-

318 2550 431 2593 simo
454 2549 678 2594 seccondo
700 2547 765 2591 fui
787 2562 813 2591 a
836 2551 970 2592 Patre
1001 2549 1236 2592 Leonardo
1263 2548 1455 2593 Colonie
1476 2554 1706 2604 receptus,
1732 2548 1807 2591 vbi
1839 2555 1947 2591 tunc

319 2625 411 2653 non
433 2608 498 2651 fui
521 2607 818 2660 examinatus,
844 2608 924 2652 sed
945 2609 1107 2651 Rome.
1128 2642 1136 2651 .
1158 2643 1166 2650 .
1211 2620 1281 2662 14.
1323 2609 1436 2653 Sum
1463 2608 1676 2651 sacerdos
1703 2607 1936 2664 indignus.

324 2680 396 2736 15ἱ
427 2667 512 2712 Fui
533 2667 580 2710 in
602 2666 796 2724 collegio
819 2682 1021 2721 romano,
1053 2667 1298 2723 genuensi,
1328 2668 1578 2721 lauretano,
1609 2674 1655 2710 et
1681 2666 1948 2710 bononiensi

317 2736 363 2771 et
385 2728 472 2771 iam
496 2726 761 2772 treuerensi.
788 2725 925 2784 [Sem]
949 2727 995 2769 6.
1028 2727 1216 2770 Nullum
1240 2727 1432 2783 gradum
1456 2726 1750 2783 promotionis
1771 2727 1936 2769 habeo.

319 2786 412 2846 [IV,
441 2788 543 2842 813,
571 2788 674 2841 816]

408 2848 557 2891 Vocor
592 2846 834 2890 Udalrz'cus
863 2844 1139 2902 Musclzkaij.
1172 2846 1335 2888 Habeo
1367 2860 1510 2888 annos
1549 2844 1820 2900 quindecim.
1853 2841 1947 2888 Na-

317 2905 438 2950 tione
460 2920 721 2962 germanus,
746 2905 971 2961 provintia
993 2906 1170 2949 Scuens
1191 2912 1237 2948 et
1258 2905 1429 2961 patriae
1449 2904 1745 2960 ehingensis.
1758 2905 1840 2947 ,In
1860 2903 1945 2947 So-

315 2966 479 3009 cietate
502 2964 567 3008 fui
589 2980 668 3022 per
690 2979 859 3008 annum
883 2971 928 3008 et
950 2972 1144 3020 quatuor
1173 2978 1366 3018 menses;
1391 2963 1438 3007 in
1468 2963 1654 3008 Austria
1681 2963 1727 3005 in
1755 2961 1947 3018 collegio

390 3100 399 3119 ¹
453 3096 746 3143 Autographum
764 3095 881 3131 habet
900 3095 1133 3143 Negalye.⁰⁵

2043 413 2056 442 b
