2196 3522
300 278 346 313 68
863 273 906 307 P.
935 272 1121 307 NATAms
1146 271 1364 306 EPHEMER.

303 381 507 429 Portum,
531 375 571 419 si
586 374 650 417 illi
666 374 896 418 videretur
913 386 1012 416 esse
1029 370 1324 424 conueniens,
1343 378 1393 414 vt
1409 370 1457 414 in
1468 371 1714 415 Castellam
1731 371 1922 416 veniret:

300 461 346 498 et
362 468 449 511 ego
464 452 645 509 quidem
662 450 775 494 nihil
788 449 851 492 illi
868 447 1244 506 praescribebam,
1261 448 1342 491 sed
1353 447 1500 505 magis
1513 447 1561 491 in
1576 463 1633 493 eo
1649 464 1773 494 eram
1787 455 1837 492 vt
1852 463 1925 492 re-

300 531 430 583 diret,
451 536 497 575 et
513 530 645 586 plane
662 534 820 585 ageret
837 534 882 571 et
904 526 1199 570 confidenter:
1224 524 1270 568 id
1291 525 1424 582 plane
1444 540 1538 570 non
1553 525 1792 571 videbatur
1809 525 1922 582 alijs,

301 605 564 664 praesertim
586 605 875 661 Sayauedrae
902 606 930 646 ¹.

389 685 558 740 Magna
578 689 674 726 erat
695 681 921 725 dificultas
944 680 991 723 in
1012 679 1192 723 casibus
1210 679 1468 733 reseruatis,
1488 679 1535 723 in
1552 694 1688 736 quam
1702 679 1930 736 impinge-

296 763 409 804 bant
432 761 525 805 fere
547 774 720 811 omnes,
746 765 791 803 et
809 757 1031 802 Araozius
1049 771 1140 800 non
1164 756 1465 801 mediocriter:
1490 757 1762 802 videbantur
1787 756 1795 815 Ι
1822 770 1930 813 pec-

302 844 403 881 cata
423 836 616 882 venialia
637 834 874 888 reseruari,
899 842 986 879 ete.

391 916 594 971 Ipsorum
616 912 780 957 auditis
803 911 1145 965 dificultatibus,
1169 911 1308 968 subijt
1324 911 1445 954 illam
1462 911 1570 958 dare
1590 911 1927 962 resolutionem,

305 1005 422 1047 quae
444 990 528 1034 fuit
555 991 742 1047 probata
770 1005 796 1033 a
824 991 878 1033 P.
905 990 1075 1046 Layne,
1100 995 1146 1032 et
1166 995 1237 1032 est
1257 988 1305 1032 in
1326 988 1535 1032 manibus
1559 1003 1684 1032 nunc
1711 987 1926 1032 omnium:

306 1082 395 1125 qua
431 1067 601 1121 audita,
626 1066 738 1110 nihil
774 1066 964 1122 amplius
1002 1066 1241 1122 quisquam
1277 1065 1437 1109 habuit
1473 1067 1546 1110 vel
1574 1065 1838 1111 dificultatis
1858 1065 1933 1110 vel

307 1145 450 1202 dubij,
475 1158 528 1189 ac
549 1160 607 1189 ne
629 1143 852 1188 Araozius
874 1142 1071 1199 quidem.

397 1225 518 1266 Dum
540 1228 729 1277 expecto
751 1235 1016 1276 responsum
1039 1235 1064 1263 a
1087 1222 1139 1264 P.
1166 1222 1201 1263 F
1204 1220 1422 1274 rancisco,
1443 1221 1529 1264 fuit
1544 1220 1653 1264 vtile
1669 1221 1933 1265 Chuencam

308 1299 547 1356 proficisci,
571 1306 621 1342 vt
642 1312 825 1355 agerem
848 1312 951 1341 cum
973 1297 1191 1342 canonico
1214 1299 1446 1342 Marchina
1461 1299 1518 1343 de
1536 1298 1799 1342 fundatione
1813 1296 1934 1340 illius

313 1376 490 1433 collegij
514 1377 547 1418 ².

397 1489 512 1532 126
533 1503 567 1532 v
897 1502 1168 1541 CHUENCAE,
1196 1502 1342 1532 PRIMO

400 1600 602 1657 Concepi
623 1600 670 1643 in
691 1600 852 1645 itinere
874 1602 1148 1653 catarrhum,
1169 1600 1246 1656 qui
1267 1615 1339 1645 me
1359 1601 1563 1658 exercujt
1583 1608 1711 1645 extra
1731 1600 1934 1645 ordinem

313 1679 558 1722 Chuencae
574 1677 744 1733 aliquot
760 1676 871 1721 dies.
884 1677 989 1720 Fuit
1004 1677 1170 1722 dificile
1185 1692 1288 1721 cum
1305 1677 1525 1722 canonico
1537 1677 1771 1722 Marchina
1787 1685 1936 1739 trans—

314 1754 442 1812 igere
463 1755 520 1797 de
538 1754 731 1797 formula
760 1754 1050 1808 fundationis3
1075 1762 1122 1798 et
1151 1762 1301 1799 tamen
1329 1762 1431 1812 post
1458 1755 1623 1814 multas
1645 1754 1936 1811 disceptatio-

316 1846 413 1884 neS,
433 1830 656 1887 superatis
677 1830 887 1874 omnibus
908 1830 1234 1875 dificultatibus
1247 1866 1257 1886 ,
1283 1839 1562 1876 transactum
1583 1838 1668 1877 est.

404 1907 469 1950 Ibi
491 1907 684 1963 primum
707 1908 915 1952 confecta
936 1907 1011 1951 illa
1033 1908 1146 1952 ratio
1172 1908 1465 1963 fundationis,
1489 1915 1539 1951 vt
1560 1908 1701 1954 libere
1723 1909 1938 1953 fundato-

316 1998 390 2028 res
415 1983 669 2037 instituant,
695 1991 741 2028 et
762 1985 919 2029 dotent
941 1985 1199 2042 collegium,
1224 2000 1277 2029 ac
1305 1986 1477 2031 donent
1513 1986 1731 2031 Societati
1767 1987 1940 2043 absque

317 2060 588 2104 conditione.
619 2061 727 2104 127
763 2061 966 2106 Societas
1003 2062 1107 2105 dein
1143 2062 1346 2119 recipiat,
1381 2063 1657 2120 praescribat
1683 2062 1792 2117 sibi,
1823 2077 1940 2119 quae

319 2136 428 2181 velit
448 2137 666 2193 praestari
689 2153 715 2181 a
735 2137 829 2181 suis
851 2137 898 2180 in
919 2138 1127 2196 collegio,
1154 2145 1240 2183 etc.
1275 2140 1307 2182 ³.

408 2213 494 2270 Egi
517 2227 619 2256 cum
641 2216 696 2258 D.
720 2216 942 2271 Vergara,
973 2222 1019 2259 et
1046 2215 1177 2272 attigi
1197 2215 1318 2259 illam
1346 2215 1658 2270 dificultatem,
1684 2229 1801 2272 quae
1821 2217 1942 2272 apud

322 2290 446 2333 illum
463 2297 559 2333 erat
588 2304 770 2347 magna,
791 2298 841 2333 vt
857 2298 1099 2336 contentus
1117 2292 1284 2335 famulo
1301 2292 1509 2346 seculari,
1521 2299 1725 2336 nostrum
1742 2291 1942 2337 dimitte-

324 2373 393 2411 ret
419 2366 702 2411 Michaelem.
733 2367 821 2424 Egi
849 2368 906 2412 de
935 2367 1198 2412 fundatione
1227 2368 1404 2426 collegij
1435 2368 1757 2425 complutensis
1785 2369 1819 2423 ⁴,
1850 2375 1939 2414 etc,

411 2485 521 2528 128
938 2500 1180 2531 COMPLUTI
1195 2521 1204 2540 ,
1231 2490 1291 2531 2.⁰

410 2599 566 2654 Quum
588 2598 820 2643 rediissem
838 2600 1147 2655 Complutum,
1167 2600 1324 2656 paucis
1340 2600 1500 2645 diebus
1517 2600 1672 2658 accepi
1687 2616 1714 2645 a
1732 2604 1783 2645 P.
1800 2603 1836 2645 F
1838 2616 1943 2645 ran-

319 2674 442 2718 cisco
462 2674 630 2728 literas,
656 2674 821 2731 quibus
842 2675 1043 2720 intellexi
1065 2676 1191 2720 illum
1214 2691 1315 2721 esse
1340 2677 1388 2720 in
1409 2678 1654 2722 Castellam
1681 2685 1940 2725 venturum.

323 2751 478 2807 Itaque
496 2751 581 2794 fuit
601 2751 906 2796 necessarium
930 2760 977 2795 vt
998 2753 1056 2796 ad
1077 2767 1232 2810 regem
1254 2753 1441 2809 adirem,
1467 2761 1513 2799 et
1534 2755 1688 2799 darem
1709 2754 1772 2798 illi
1793 2754 1948 2799 literas

397 2896 407 2916 ¹
458 2893 537 2941 Sic,
555 2906 624 2942 pro
643 2895 887 2931 Saavedrae.
907 2896 966 2931 De
984 2896 1044 2931 his
1063 2896 1322 2943 SACCHINUS,
1341 2898 1414 2933 loc.
1435 2898 1505 2934 cit.
1518 2927 1528 2945 ,
1543 2898 1612 2934 lib.
1630 2906 1671 2943 v,
1690 2910 1729 2933 n.
1752 2905 1767 2933 1
1779 2924 1789 2933 .

391 2953 406 2973 ¹
455 2954 538 2990 Fol.
562 2954 628 2990 126
645 2967 677 2990 r.
696 2966 864 2990 vacuum
882 2961 1075 2992 remanet.

394 3014 407 3034 ³
458 3013 715 3058 SAcchUs,
734 3015 807 3050 loc.
828 3014 912 3059 eit.,
927 3027 966 3050 n.
986 3023 1022 3060 7.

392 3074 408 3094 ⁴
457 3073 539 3108 Fol.
564 3081 628 3118 127
647 3086 685 3109 v.
707 3074 759 3109 nil
780 3073 967 3121 scriptum
985 3076 1117 3112 habet.

2187 735 2196 795 Ξ

2184 805 2196 852 r!

2186 853 2196 935 i

2184 935 2196 964 i
