2196 3522
910 277 934 313 9
957 267 1112 303 ΜΔΕ-ω
1138 266 1230 313 1563
1810 267 1878 305 231

252 366 508 411 conformes
527 381 586 411 en
606 367 772 413 escluir
796 369 840 412 el
860 368 1145 413 matrimonio
1164 369 1223 414 de
1243 369 1312 414 los
1331 370 1524 415 ordenes
1543 383 1711 414 sacros.
1737 371 1881 415 Estan

253 444 384 487 todos
403 457 491 487 con
511 446 676 489 mucha
702 445 996 502 expectacion
1022 446 1096 490 del
1116 446 1280 504 legado
1307 461 1396 503 que
1422 448 1483 490 ha
1508 447 1567 493 de
1593 448 1809 492 succeder
1835 449 1879 492 al

252 520 441 564 defunto
467 521 497 574 ¹,
522 535 612 578 que
630 521 743 566 Dios
770 537 871 579 aya,
895 538 985 579 que
1011 538 1102 568 aun
1129 538 1189 567 no
1220 538 1269 568 se
1295 511 1404 568 sabe
1434 525 1552 568 nada
1586 525 1730 569 desto.
1756 524 1806 570 Si
1826 540 1879 570 se

252 596 439 652 pudiese
460 598 615 655 copiar
632 614 723 644 una
737 600 851 644 letra
865 601 1018 645 donde
1033 615 1084 645 se
1098 600 1247 646 scriue
1262 601 1305 645 el
1320 601 1564 657 particular
1584 602 1642 646 de
1661 603 1703 646 la
1724 617 1877 648 muer-

252 680 298 719 te
318 675 392 720 del
412 674 547 720 dicho
566 677 793 731 cardenal,
817 693 868 723 se
893 677 1092 722 embiara
1112 692 1202 722 con
1228 688 1326 723 esta
1353 679 1387 721 ³.
1419 679 1481 722 Es
1511 686 1738 724 menester
1764 694 1814 724 se
1834 680 1880 725 le

251 751 391 807 digan
407 753 474 797 las
490 754 651 799 missas
666 770 695 812 y
713 755 957 808 orationes,
977 769 1111 799 como
1126 770 1209 812 por
1224 757 1293 799 los
1309 755 1584 799 fundadores
1599 756 1827 810 defuntos3
1847 772 1879 814 y

252 832 317 873 asi
359 844 419 873 no
455 845 528 875 me
555 832 759 889 alargare
786 836 884 876 mas
909 847 968 876 en
995 839 1107 877 esta.
1138 833 1196 877 N.
1224 834 1277 876 P.
1307 847 1338 888 y
1366 833 1434 875 los
1455 833 1611 877 demas
1640 833 1772 876 todos
1793 847 1880 877 nos

251 908 628 952 encomendamos
649 911 814 953 mucho
834 923 891 953 en
913 910 980 952 las
1000 909 1227 954 orationes
1242 924 1272 966 y
1288 908 1533 953 sacrifieios
1549 910 1606 954 de
1623 910 1680 954 V.
1702 911 1777 963 R„
1801 925 1875 954 sa—

250 983 448 1027 ludando
470 985 513 1028 al
536 987 588 1029 P.
614 985 856 1031 Valentino
878 987 894 1007 ³
917 1002 947 1043 y
969 987 1099 1030 todos
1120 987 1188 1030 los
1215 987 1290 1031 del
1310 985 1508 1043 collegio
1534 987 1591 1031 de
1613 986 1807 1040 Vienna,
1838 987 1877 1030 si

250 1075 309 1104 en
330 1061 372 1104 el
394 1060 610 1107 reeiuiere
630 1064 688 1107 V.
714 1063 769 1107 R.
793 1063 836 1106 la
857 1070 1081 1120 presente.
1106 1065 1177 1107 De
1199 1064 1387 1117 Tremo,
1417 1078 1446 1120 9
1474 1063 1531 1107 de
1560 1066 1715 1108 Marzo
1745 1065 1873 1120 1563.

1001 1278 1126 1318 259

692 1380 745 1423 P.
781 1380 1192 1426 HIERONYMUS
1222 1381 1440 1424 NADAL

751 1492 910 1528 PATRI
935 1492 1142 1540 JACOBO
1167 1493 1362 1530 LAINEz

734 1596 992 1635 οΕΝῐΡοΝΊ-Ε,
1017 1599 1041 1635 9
1065 1597 1211 1625 murm
1238 1587 1328 1634 1563
1353 1590 1384 1625 ⁴.

293 1682 356 1718 De
372 1683 579 1729 colloquiis
594 1694 685 1719 cum
703 1684 946 1731 imperatore
958 1696 983 1720 a
1002 1684 1145 1720 Natali
1160 1685 1318 1721 habitis.
1332 1685 1394 1721 De
1402 1685 1653 1733 fundatione
1665 1686 1826 1734 collegii

877 1744 1151 1792 oenipontani‚
1169 1746 1241 1780 etc.

333 1837 470 1880 Hanc
491 1839 720 1894 epistolam
742 1854 833 1882 non
855 1839 1084 1884 habemus.
1111 1841 1202 1883 Res
1228 1844 1377 1884 autem
1399 1842 1450 1884 in
1472 1842 1552 1884 illa
1566 1845 1874 1898 pertractatae

245 1918 316 1956 sat
336 1919 487 1970 aperte
509 1916 556 1958 in
579 1917 767 1972 epistola
786 1919 845 1960 26
847 1928 874 1972 3
896 1918 1177 1961 indicantur.
1203 1918 1330 1961 Haec
1351 1918 1413 1961 ibi
1439 1919 1561 1962 inter
1587 1920 1698 1962 alia:
1728 1920 1872 1963 «Res-

244 1992 362 2034 ciui&
384 1993 446 2035 N.
473 1993 527 2035 P.
552 1993 622 2036 las
642 1993 696 2036 de
726 1994 775 2037 V.
795 1995 855 2038 R.
875 1995 1041 2051 de9de
1061 1996 1220 2049 Marco
1240 2009 1297 2039 en
1317 2000 1550 2053 respuesta
1571 1997 1625 2040 de
1645 1997 1715 2039 las
1734 2011 1873 2054 suyas

244 2069 298 2111 de
319 2070 378 2111 26
397 2069 468 2112 del
481 2071 681 2125 passado
697 2085 727 2128 y
748 2083 777 2114 2
797 2071 868 2114 del
880 2076 1146 2128 presente...
1175 2073 1301 2116 Hase
1327 2074 1565 2116 entendido
1592 2074 1638 2116 la
1657 2075 1871 2130 primera

235 2145 408 2201 platica
427 2146 568 2204 larga
590 2162 674 2204 que
704 2149 752 2191 V.
779 2149 838 2192 R.
856 2150 995 2204 passo
1015 2163 1101 2192 con
1121 2150 1161 2192 el
1181 2150 1531 2206 emperador...»
1557 2155 1635 2194 etc.
1666 2151 1773 2194 Vide
1794 2165 1870 2194 re-

245 2311 362 2358 epist.
388 2311 473 2359 263,
490 2325 535 2349 n.
561 2322 620 2360 10,
637 2314 704 2350 ubi
722 2319 876 2351 constat
893 2316 1162 2363 theologorum
1179 2317 1474 2353 dissertationes
1490 2317 1540 2353 de
1566 2318 1637 2353 hac
1655 2329 1696 2353 re
1715 2317 1872 2363 longius

245 2370 452 2416 productas
469 2371 611 2409 fuisse.

316 2432 327 2451 ¹
378 2429 574 2467 cardinali
592 2431 744 2468 scilicet
767 2438 992 2470 mantuano.

311 2491 326 2511 ²
377 2490 488 2526 Hanc
505 2491 708 2538 epistolam
722 2491 771 2528 de
785 2498 909 2529 morte
925 2493 1132 2530 cardinalis
1146 2494 1344 2530 mantuani
1357 2495 1479 2531 habes
1493 2494 1533 2530 in
1547 2494 1726 2541 append„
1743 2494 1816 2530 Χ1.

312 2549 327 2570 ⁵
375 2548 424 2584 P.
453 2549 684 2586 Valentinus
707 2551 812 2598 Voyt
835 2551 883 2597 (Ρ)
905 2551 955 2588 de
977 2564 1055 2600 quo
1079 2553 1175 2588 haec
1198 2552 1405 2600 ScmssDL,
1431 2554 1615 2589 Historia
1633 2553 1873 2600 provinciae

242 2608 470 2649 Bohemiae,
490 2608 562 2644 lib.
585 2610 638 2656 ΙΙ,
656 2622 700 2646 n.
726 2610 805 2646 183:
826 2612 940 2648 «Fuit
956 2612 1010 2649 P.
1044 2613 1293 2654 Valentinus,
1309 2613 1435 2648 Domo
1450 2613 1716 2660 pragensis...
1734 2611 1774 2647 in
1792 2611 1868 2647 So-

242 2666 426 2703 cietatem
443 2678 466 2702 a
484 2667 527 2703 S.
551 2668 606 2704 P.
628 2669 683 2705 N.
706 2670 870 2718 Ignatio
888 2671 942 2707 A.
966 2671 1016 2708 C.
1043 2671 1147 2717 1553,
1165 2676 1206 2707 et
1221 2671 1379 2719 quidem
1396 2683 1419 2708 e
1436 2673 1622 2708 Bohemis
1644 2671 1791 2718 primus
1807 2682 1867 2706 re—

241 2731 425 2772 ceptus.»
450 2726 495 2762 In
519 2728 697 2774 catalogo
714 2735 844 2765 autem
871 2730 1059 2778 «quodam
1083 2731 1228 2766 Romae
1255 2732 1328 2766 sub
1363 2740 1378 2766 1
1405 2731 1636 2767 Decembris
1665 2738 1753 2775 1557
1776 2741 1868 2766 con-

240 2784 386 2831 scripto
409 2790 450 2820 et
471 2797 494 2821 a
518 2786 570 2821 P.
600 2787 776 2824 Polanco
799 2789 1003 2836 recognito
1030 2790 1185 2827 dicitur:
1207 2790 1438 2827 Valentinus
1457 2791 1639 2826 uilaticus
1657 2790 1868 2836 pragensis

240 2854 362 2879 annos
379 2849 494 2880 natus
512 2853 554 2880 21
574 2845 774 2892 ingressus
792 2854 853 2884 est
870 2848 1107 2885 Societatem
1124 2858 1236 2895 1555»
1250 2851 1605 2895 BRAUNSBERGER‚
1620 2850 1692 2884 loc.
1709 2849 1771 2885 cit.
1790 2850 1864 2896 111,

239 2901 328 2948 358.
363 2902 576 2939 Subitanea
604 2910 727 2941 morte
756 2913 955 2955 correptus
985 2915 1046 2944 est
1074 2909 1223 2956 Pragae
1252 2920 1352 2945 anno
1385 2909 1493 2955 1564.
1530 2908 1630 2944 Vide
1658 2907 1866 2955 ScfflnnL,

238 2962 316 2997 loc.
336 2962 428 3008 cit.,
442 2974 482 2998 n.
501 2962 580 2999 182.
601 2964 718 3011 Apud
735 2965 1065 3014 SOMMERVOGBL,
1087 2969 1157 3005 Les
1161 2969 1331 3015 je‘suites
1347 2971 1395 3006 de
1412 2971 1595 3012 Rome...‚
1615 2969 1716 3005 inter
1734 2969 1863 3016 physi-

236 3032 305 3056 cos
323 3020 430 3057 tertii
447 3021 552 3066 anni,
570 3022 609 3058 in
628 3023 743 3060 tertia
758 3025 914 3071 pagina,
931 3028 1110 3063 columna
1130 3036 1146 3063 1
1157 3027 1189 3063 ,⁸
1205 3028 1373 3075 catalogi
1389 3028 1538 3064 romani
1556 3033 1799 3066 recensetur.

308 3082 324 3103 ⁴
371 3081 430 3116 Ex
448 3081 613 3128 epistola
630 3081 730 3119 infra
747 3085 820 3120 sub
837 3096 880 3121 n.
905 3085 974 3121 263
990 3086 1131 3134 posita,
1152 3087 1253 3123 Cod.
1278 3098 1321 3133 33
1339 3089 1390 3134 c),
1410 3089 1454 3124 ff.
1479 3096 1653 3133 252-254.
