2196 3522
331 280 401 324 296
893 275 921 310 Ε
926 283 1036 311 Ριετ.
1067 275 1111 310 P.
1139 273 1289 310 NADAL
1296 274 1405 310 —281

330 394 390 421 no
412 382 589 421 tomara
610 382 636 421 3
658 377 836 421 Vienna
857 376 955 420 sino
978 376 1139 424 dentro
1159 376 1217 420 de
1239 387 1264 419 2
1287 389 1449 429 meses;
1474 391 1504 435 y
1526 374 1719 419 auiendo
1742 375 1799 418 de
1831 374 1964 419 uenir

328 455 524 510 despues
545 458 570 496 3
592 452 784 497 Bauaria
805 468 834 508 y
856 454 1087 510 Augusta,
1109 465 1272 509 parece
1292 466 1353 495 no
1374 455 1490 497 seria
1507 453 1667 508 perder
1691 451 1858 509 tiempo
1877 466 1962 497 ue—

330 530 399 573 nir
422 545 540 582 aora,
567 529 890 574 deteniendose
911 531 969 573 V.
995 531 1048 573 R.
1067 543 1125 573 en
1146 534 1268 572 estos
1290 527 1522 585 collegios,
1541 527 1888 585 especialmente
1905 542 1963 572 en

332 608 375 650 el
403 608 459 649 de
487 606 742 659 Monachio,
775 607 819 650 10
845 621 935 662 006
962 607 1004 650 16
1030 604 1260 663 pareciese
1288 606 1506 658 bastaria,
1536 620 1565 661 y
1592 605 1785 661 despues
1813 619 1893 661 por
1921 606 1963 648 el

329 687 416 737 rio,
448 687 475 726 ό
511 697 642 727 0οῐηο
678 684 819 740 mejor
854 684 896 727 le
933 682 1177 740 pareeiese,
1210 683 1366 739 podria
1397 689 1551 726 tornar
1583 686 1610 724 3
1641 681 1818 726 Vienna
1853 697 1963 739 para

332 760 515 815 quando
546 761 588 803 el
615 761 878 816 emperador
907 767 1087 803 tornara
1115 774 1196 816 por
1218 760 1320 812 3113,
1345 774 1375 815 y
1403 774 1463 802 no
1495 759 1670 803 tendria
1699 758 1963 803 necessidad

329 838 527 893 despues
548 838 606 880 de
626 839 762 880 hazer
783 844 881 881 otro
906 837 1024 892 uiaje
1050 838 1059 858 ¹
1085 836 1184 880 sino
1199 840 1232 880 ·3
1254 837 1456 893 Ispruch,
1481 851 1510 891 y
1533 837 1623 888 alli,
1644 840 1671 878 ὀ
1692 849 1750 878 en
1774 837 1961 889 Trento,

331 917 554 970 esperaria
574 915 617 957 13
638 921 777 971 gente
798 929 888 970 que
910 916 968 957 ha
985 914 1040 957 de
1058 913 1192 958 uenir'
1203 913 1262 957 de
1279 915 1421 956 Roma
1438 928 1545 969 para
1563 913 1799 956 Alemana.
1824 914 1960 965 Pero,

330 998 430 1034 esto
451 992 787 1047 representado,
813 992 870 1035 V.
897 993 951 1034 R.
978 992 1097 1047 haga
1118 990 1162 1032 lo
1184 1004 1272 1046 que
1299 989 1441 1046 mejor
1468 990 1519 1032 in
1541 990 1739 1032 Domino
1765 988 1808 1033 16
1829 1003 1961 1044 pare-

330 1067 466 1112 ciere.
488 1068 541 1111 El
561 1070 612 1111 Ρ.
634 1067 816 1112 Canisio
833 1075 1031 1111 muestra
1047 1066 1319 1110 inelinacion
1335 1071 1360 1110 3
1376 1067 1568 1110 hallarse
1585 1072 1795 1122 presente
1811 1079 1958 1121 quan-

334 1145 393 1187 do
416 1146 473 1188 V.
500 1146 553 1188 R.
580 1145 788 1189 hablasse
815 1149 841 1187 3
869 1145 935 1187 105
963 1145 1020 1188 (16
1047 1143 1307 1196 Monachio,
1331 1157 1413 1199 por
1441 1143 1658 1187 entender
1686 1143 1729 1185 el
1750 1143 1884 1186 modo
1905 1142 1962 1186 de

336 1222 551 1278 proceder
581 1236 670 1277 que
698 1236 746 1264 se
778 1221 895 1266 tiene
923 1236 980 1264 en
1008 1235 1137 1279 cosas
1164 1220 1435 1276 semejantes
1462 1220 1494 1262 ².
1528 1219 1747 1262 Tambien
1776 1234 1833 1263 en
1866 1225 1964 1262 esta

335 1305 464 1355 parte
484 1299 526 1341 16
548 1298 688 1353 podra
709 1299 766 1341 V.
793 1299 846 1341 R.
873 1297 1059 1342 escriuir
1080 1301 1106 1340 3
1127 1297 1167 1340 el
1191 1297 1234 1340 10
1257 1311 1346 1353 006
1366 1297 1408 1340 16
1431 1310 1606 1352 pareee.

428 1388 468 1429 3.
534 1375 691 1418 Hanse
712 1375 844 1430 leydo
865 1375 932 1417 105
953 1374 1134 1418 ᾶί56ῆο5
1157 1388 1245 1430 006
1262 1375 1318 1417 V.
1341 1375 1395 1416 R.
1417 1380 1519 1416 toea
1541 1379 1710 1429 quanto
1732 1376 1757 1415 3
1777 1373 1820 1415 13
1841 1371 1959 1415 diui-

338 1451 436 1495 5100
460 1466 489 1507 y
511 1451 646 1494 modo
675 1451 733 1495 de
761 1465 985 1507 gouernar
1013 1465 1090 1494 esa
1118 1449 1366 1506 prouincia,
1390 1465 1420 1506 y
1442 1450 1507 1493 las
1537 1449 1820 1492 dificultades
1849 1455 1963 1492 tam-

340 1528 446 1572 bien
468 1543 556 1584 que
578 1543 634 1584 ay
656 1542 714 1571 en
734 1528 775 1571 61
804 1529 864 1570 tal
892 1527 1050 1572 diseno
1072 1529 1104 1581 ³,
1129 1542 1159 1583 y
1180 1541 1240 1570 no
1266 1527 1310 1571 16
1336 1528 1395 1570 ha
1422 1525 1631 1582 parecido
1653 1530 1678 1568 3
1700 1527 1758 1569 Ν.
1786 1527 1838 1568 Ρ.
1865 1539 1962 1568 res-

337 1606 508 1662 ponder
529 1612 626 1648 esta
650 1619 732 1648 uez
754 1619 836 1660 por
858 1604 992 1647 mirar
1013 1608 1109 1646 mas
1131 1618 1190 1646 en
1210 1604 1310 1647 ella.
1337 1604 1402 1647 La
1425 1602 1588 1646 uenida
1609 1603 1665 1645 de
1687 1603 1743 1646 V.
1770 1604 1823 1645 R.
1850 1605 1876 1645 a
1898 1603 1959 1645 Is-

335 1684 496 1738 pruch,
521 1687 777 1724 entretanto
798 1695 886 1737 que
907 1696 957 1725 56
979 1687 1095 1725 trata
1108 1680 1173 1724 ude
1194 1681 1261 1723 105
1290 1679 1504 1736 negocios
1526 1694 1612 1735 006
1637 1686 1768 1722 tocan
1789 1679 1832 1722 al
1852 1692 1963 1722 con—

336 1757 454 1811 cilio,
481 1773 539 1800 no
567 1762 666 1802 sera
695 1764 772 1801 tan
800 1757 1051 1802 necessaria
1078 1771 1209 1801 como
1235 1757 1279 1800 la
1307 1757 1463 1800 estada
1489 1771 1573 1812 por
1599 1757 1700 1808 3113,
1725 1770 1755 1811 y
1782 1758 1869 1798 assi
1900 1769 1960 1798 no

335 1836 445 1878 abra
466 1850 573 1891 para
595 1838 683 1890 que
706 1842 844 1877 tratar
865 1835 996 1878 della.

424 1924 466 1965 4.
533 1911 587 1954 ΕΙ
610 1913 662 1954 P.
689 1911 945 1967 Rodriguez
966 1915 1063 1954 esta
1083 1926 1141 1967 ya
1163 1926 1220 1955 en
1244 1913 1403 1962 Roma,
1436 1925 1466 1966 y
1497 1925 1554 1954 en
1582 1916 1700 1954 estas
1728 1915 1878 1965 partes
1906 1909 1963 1953 de

336 1987 462 2031 Italia
482 1990 595 2032 haze
616 1994 780 2031 cuenta
798 1989 853 2030 N.
882 1990 933 2030 P.
955 1987 1126 2032 seruira
1149 1991 1244 2030 mas
1260 1991 1286 2030 a
1303 1986 1413 2030 Dios
1435 1988 1492 2030 N.
1519 1987 1568 2031 S.
1589 2001 1677 2041 que
1698 2001 1755 2030 en
1777 1986 1963 2029 Alema-

333 2070 409 2107 fia.
434 2065 581 2107 Podra
603 2079 675 2107 ser
697 2078 812 2119 uaya
834 2068 860 2106 3
883 2064 1036 2117 Milan,
1058 2079 1170 2120 pues
1186 2065 1228 2108 61
1248 2064 1458 2108 cardenal
1477 2065 1720 2106 Borromeo
1738 2075 1899 2119 parece
1916 2076 1965 2106 56

334 2247 547 2292 aduentum
567 2253 606 2282 et
625 2247 800 2282 eiusdem
818 2247 973 2293 collegii
1002 2248 1171 2284 rationes
1189 2248 1424 2295 pertinent.»
1444 2249 1502 2283 Ex
1522 2249 1747 2294 archetypo,
1767 2246 1805 2283 in
1825 2247 1956 2294 Epist.

336 2306 509 2346 Canisii,
533 2314 597 2351 117
616 2306 730 2350 (302).

409 2368 416 2388 ¹
469 2367 545 2400 Ms.
557 2393 566 2411 ,
584 2365 708 2411 uiajo.

405 2428 418 2446 ‘-'
470 2425 544 2460 Die
567 2424 608 2460 31
644 2424 734 2471 Maji
763 2424 852 2469 1563
875 2425 1055 2461 Canisius
1080 2426 1185 2462 Patri
1210 2426 1353 2461 Lainez
1377 2425 1580 2473 sequentia
1605 2425 1857 2472 proponebat:
1886 2425 1962 2460 «Vt

332 2483 539 2530 expediam
555 2483 719 2530 primum
734 2495 832 2530 quae
847 2485 993 2520 minora
1007 2492 1112 2531 sunt,
1128 2498 1176 2521 ex
1191 2485 1383 2532 adjunctis
1398 2485 1538 2520 litteris
1552 2489 1809 2530 cognoscetur
1823 2483 1866 2518 P.
1883 2483 1962 2517 Na·

332 2543 452 2578 talem
471 2547 573 2578 nun'c
591 2543 768 2588 Pragam,
785 2542 883 2578 duce
901 2544 1071 2591 Christo,
1090 2545 1333 2591 peruenisse.
1358 2544 1458 2580 Cum
1475 2549 1606 2579 autem
1624 2543 1727 2578 idem
1744 2541 1904 2578 redierit
1922 2541 1962 2577 in

335 2601 551 2647 Bauariam,
571 2613 682 2647 agam
701 2601 798 2636 adeo
811 2603 949 2637 lubens
963 2603 1012 2638 de
1027 2604 1219 2649 theologis
1237 2602 1622 2650 ingolstadiensibus,
1636 2600 1961 2649 quemadmodum

331 2666 375 2696 et
392 2660 441 2696 de
464 2661 622 2696 doctore
640 2661 798 2706 Torrez,
816 2667 1006 2708 quatenus
1025 2673 1091 2698 eos
1109 2663 1318 2698 transferre
1337 2662 1412 2698 alio
1435 2661 1636 2709 expediat:
1657 2666 1738 2696 tum
1762 2660 1811 2696 de
1829 2660 1963 2696 iuuan-

332 2720 393 2755 dis
412 2720 462 2755 M.
485 2719 662 2763 Martino,
681 2720 722 2755 P.
744 2719 873 2755 Dirsio
891 2725 930 2755 et
948 2720 1046 2767 alijs3
1066 2727 1268 2768 praeterea
1285 2722 1334 2757 de
1351 2721 1517 2767 collegio
1534 2719 1771 2766 dillingensi.
1791 2718 1963 2754 Primum

330 2784 463 2814 autern
482 2778 695 2814 visitandos
713 2783 806 2825 puto
829 2784 982 2814 nostros
1003 2771 1206 2827 Mon'achij.
1227 2781 1326 2827 Ego,
1351 2781 1385 2816 si
1402 2780 1458 2816 illi
1485 2779 1715 2815 interessem
1733 2777 1961 2823 visitationi,

332 2837 508 2873 audirem
533 2837 678 2873 utiliter
701 2842 741 2872 et
763 2836 936 2873 viderem
955 2850 1015 2885 ea,
1033 2851 1132 2886 quae
1151 2840 1348 2886 sapienter
1366 2839 1431 2875 ille
1458 2838 1497 2874 in
1523 2837 1748 2874 visitatione
1775 2847 1963 2883 peragere

334 2898 448 2933 solet.
465 2897 563 2932 Nam
581 2897 768 2932 hactenus
786 2907 862 2932 non
882 2897 990 2933 licuit
1006 2909 1134 2933 coram
1152 2899 1304 2934 adesse.
1323 2900 1480 2934 Habere
1494 2898 1593 2933 solet
1607 2895 1898 2932 exhortationes
1915 2895 1964 2930 ad

335 2961 487 2992 nostros
506 2955 619 2991 ualde
637 2957 831 3002 probataS,
850 2955 889 2991 in
906 2956 1047 3003 quibus
1072 2963 1200 2992 narrat
1220 2963 1259 2993 et
1276 2957 1445 3004 explicat
1462 2956 1662 2992 historiam
1679 2967 1724 2991 ac
1741 2955 1963 2990 institutum

331 3014 589 3050 Societatis.»
608 3015 666 3049 Ex
689 3016 942 3061 autographo,
960 3015 1000 3051 in
1018 3016 1146 3063 Epist.
1170 3015 1341 3058 Canisii,
1361 3017 1393 3062 1,
1414 3024 1481 3061 119
1497 3014 1616 3060 (305).

407 3075 422 3095 ³
471 3073 571 3109 Vide
590 3074 704 3120 epist.
723 3072 811 3118 278.
