2196 3522
914 303 1145 366 ‘APPENDJX
1776 304 1844 349 589

217 403 454 449 viennensi
476 403 541 447 fui
562 405 844 449 examinatus
866 411 912 449 et
933 411 1197 461 receptus...
1229 406 1333 449 Non
1360 418 1459 447 sum
1491 404 1716 448 sacerdos:
1741 406 1845 448 nul-

217 466 311 509 lum
333 465 525 521 gradum
548 464 902 508 ecclesiasticum
931 465 1090 509 habe0.
1123 466 1320 508 Tantum
1348 462 1394 505 in
1422 463 1614 519 collegio
1641 464 1846 508 vienensi

218 524 299 569 fui.
330 525 381 567 In
408 523 674 580 probatione
707 524 770 568 fui
798 538 876 580 per
909 538 1047 566 vnum
1077 538 1246 567 annum
1273 525 1388 566 duos
1415 537 1594 567 menses
1623 538 1702 567 sex
1729 523 1841 567 dies.

218 582 314 642 [IV.
340 593 442 640 795,
469 583 594 651 7961,
1330 599 1333 602 ·
1720 641 1729 649 ,

313 655 350 686 1.
424 643 649 685 Vzcentzus
690 642 922 685 Pouellus.
975 654 1021 685 2.
1074 643 1234 685 Annos
1275 649 1409 686 natus
1451 643 1523 694 26,
1567 648 1617 684 vt
1658 656 1836 698 opmor.

220 715 261 757 3.
288 702 471 758 Anglus
491 702 673 745 natione
694 702 767 744 vel
787 702 1040 755 britannus3
1066 715 1156 744 non
1173 700 1293 744 enim
1309 702 1467 744 eadem
1486 701 1652 743 vtimur
1668 701 1841 758 lingua.

225 773 290 804 12.
311 763 413 819 Jam
435 768 623 816 quartus
640 761 875 804 absolutus
896 767 966 804 est
982 775 1129 803 annus
1153 761 1262 814 fere,
1288 762 1409 815 quod
1439 760 1598 803 fuerim
1621 760 1666 802 in
1690 760 1847 805 Socie—

220 828 359 864 tatem
383 819 605 864 admissus
627 820 671 863 in
696 820 806 864 vrbe
827 834 1027 873 romana,
1052 827 1098 864 et
1125 819 1171 862 in
1193 820 1327 862 domo
1351 819 1589 865 Societatis
1605 822 1716 877 Jesu
1738 835 1847 864 exa-

220 879 420 923 minatus
447 879 626 935 prius...
665 892 732 933 14.
764 880 984 924 Sacerdos
1011 893 1132 922 sum.
1175 888 1245 933 15.
1284 880 1335 922 In
1363 878 1556 935 collegio
1584 894 1773 922 romano
1802 889 1848 923 et

220 938 578 996 ingolstadiensi.
612 939 677 982 16.
704 939 870 983 Solitas
891 937 1179 995 probationes
1201 937 1287 981 feci
1315 938 1361 982 in
1389 939 1524 981 domo
1552 953 1692 982 vnum
1719 953 1848 982 men-

220 1013 333 1051 sem,
358 1005 404 1042 et
424 1000 645 1042 hactenus
673 1013 698 1041 a
719 1005 912 1054 quatuor
933 997 1062 1040 annis
1084 997 1130 1040 in
1153 997 1394 1042 Societate.
1428 999 1487 1041 1.⁰
1510 997 1734 1041 Exercitia
1756 998 1848 1054 spi-

220 1057 400 1101 ritualia
426 1072 671 1113 numquam
701 1056 802 1101 feci.
836 1056 905 1100 2.⁰
939 1055 1120 1101 Seruiui
1153 1056 1428 1113 pauperibus
1463 1057 1509 1100 in
1544 1057 1843 1101 xenodochio.

223 1117 291 1173 3.⁰
312 1117 494 1161 Nullam
515 1116 924 1173 peregrinationem
954 1116 1000 1159 in
1031 1122 1296 1172 paupertate
1317 1116 1490 1173 peregi.
1511 1118 1593 1170 ¹4.⁰
1615 1118 1665 1159 In
1688 1117 1849 1172 officijs

221 1176 480 1220 domesticis
506 1183 712 1220 versatus
743 1190 860 1219 sum.
901 1175 968 1231 5.⁰
1004 1174 1267 1219 Doctrinam
1296 1175 1585 1219 christianam
1614 1190 1777 1232 pueros
1804 1183 1850 1220 et

222 1251 436 1292 personas
463 1236 599 1279 rudes
627 1249 718 1278 non
744 1235 894 1278 docui.
927 1234 997 1278 6.⁰
1025 1235 1281 1278 Conciones
1309 1234 1553 1291 aliquando
1578 1235 1738 1287 habui,
1770 1235 1849 1279 sed

223 1295 440 1352 priuatas.
473 1294 791 1339 Confessiones
819 1294 989 1347 audiui;
1014 1293 1231 1338 lectiones
1259 1295 1463 1350 publicas
1492 1309 1581 1338 non
1611 1294 1768 1338 habui.
1801 1296 1850 1337 In

223 1354 452 1410 theologia
481 1360 713 1410 praeterea
740 1368 897 1410 parum
925 1361 1147 1397 versatus.
1186 1355 1256 1397 18.
1290 1355 1408 1398 Vota
1435 1354 1674 1399 Societatis
1703 1354 1850 1397 habeo

222 1413 442 1470 simplicia
463 1414 555 1458 fere
576 1428 602 1456 a
623 1421 816 1469 quatuor
838 1412 983 1456 annis.
1013 1414 1106 1469 [IV,
1133 1414 1251 1469 798].

318 1486 353 1517 1.
431 1474 556 1516 Vitus
576 1473 737 1516 Liner.
765 1485 806 1515 2.
832 1472 1050 1517 Sedecim.
1078 1485 1118 1527 3.
1145 1471 1391 1515 Tirolensis
1417 1471 1676 1528 prouinciae
1700 1479 1744 1517 et
1766 1487 1847 1529 pa—

224 1531 308 1575 tria
330 1531 592 1576 Brixinae...
621 1543 663 1586 7.
689 1532 922 1587 Sequebar
942 1539 1094 1575 autern
1114 1538 1283 1575 statum
1306 1532 1645 1584 sacerdotalem,
1671 1540 1716 1576 et
1745 1547 1850 1576 uer—

223 1599 349 1634 satus
377 1606 476 1634 sum
503 1606 679 1647 semper
707 1591 826 1634 circa
849 1591 1052 1635 studia...
1097 1603 1163 1634 12.
1197 1590 1437 1634 Dominica
1465 1591 1749 1635 «Inuocavit»
1783 1591 1849 1634 fui

222 1658 446 1707 receptus,
466 1657 511 1694 et
533 1665 559 1694 a
582 1652 716 1695 Patre
734 1650 903 1694 Lanoio
920 1650 967 1693 in
984 1649 1192 1703 Bauaria,
1212 1651 1258 1693 in
1275 1650 1468 1706 collegio
1485 1651 1847 1707 ingolstadiensi-;

222 1711 303 1753 sed
324 1710 381 1754 de
402 1710 610 1754 examine
631 1709 743 1752 nihil
764 1709 872 1753 scio.
900 1709 1028 1754 Licet
1052 1709 1211 1753 fuerim
1241 1717 1449 1765 receptus
1477 1709 1521 1752 in
1552 1710 1849 1766 quadragesi-

222 1784 311 1823 ma,
337 1777 486 1813 tamen
508 1768 553 1812 in
571 1768 643 1812 die
659 1770 706 1813 S.
727 1768 913 1826 Georgij
933 1768 1167 1826 ingressus
1182 1783 1282 1812 sum
1301 1768 1541 1826 collegium
1561 1769 1845 1825 Monachij...

229 1841 298 1883 14.
331 1828 454 1873 Nihil
475 1818 641 1873 habeo:
666 1828 838 1871 nullum
860 1828 1080 1874 ordinem.
1113 1838 1179 1883 15.
1206 1830 1404 1871 Tantum
1426 1828 1472 1871 in
1494 1828 1572 1889 1119
1595 1829 1673 1872 ubi
1702 1830 1850 1872 adhuc

222 1902 322 1931 sum
342 1887 416 1931 hic
439 1886 681 1942 Monachij.
707 1886 843 1944 [Βοὴ]
871 1898 912 1943 5.
933 1888 1114 1932 Nullam
1131 1887 1494 1944 progressionem
1512 1888 1725 1932 maiorem
1745 1888 1847 1941 feci,

222 1962 355 2003 quarn
379 1946 466 1990 iarn
490 1946 534 1989 in
559 1946 786 1992 Societate
807 1946 854 1990 in
875 1947 1101 2003 exercitijs
1123 1946 1445 2002 spiritualibus;
1471 1949 1551 1991 sed
1568 1948 1613 1991 in
1630 1947 1729 2004 alijs
1751 1955 1849 1991 stu-

222 2006 309 2063 dijs
330 2006 441 2049 nihil
465 2006 650 2061 profeci,
675 2007 755 2049 sed
775 2005 921 2061 magis
941 2006 1100 2050 defeci.
1131 2007 1223 2062 [IV,
1246 2007 1347 2060 817,
1373 2007 1491 2062 818].

318 2078 354 2110 1.
429 2066 731 2109 Wendelinus.
759 2077 800 2108 2.
827 2065 1002 2122 Viginti
1030 2072 1218 2122 septem.
1247 2078 1287 2120 3.
1319 2066 1577 2109 Germanus
1604 2066 1849 2110 ex‘ducatu

222 2123 627 2182 wirtembergensi,
659 2140 715 2169 ex
752 2123 917 2181 oppido
944 2124 1207 2182 Besigkain.
1247 2136 1288 2179 7.
1323 2126 1372 2168 In
1398 2126 1522 2169 nulla
1551 2140 1598 2168 re
1625 2133 1847 2169 versatus:
1902 2154 1907 2159 -

221 2184 383 2241 studijs
404 2186 640 2229 honestam
670 2183 864 2238 aliquam
886 2183 1012 2229 'vitae
1033 2183 1337 2228 conditionem
1366 2185 1577 2228 venabar.
1613 2186 1850 2241 Paedago-

222 2257 332 2301 gum
371 2244 446 2300 agi
474 2243 568 2301 [sic]
598 2242 885 2286 biennium...
923 2255 996 2288 12.
1034 2244 1174 2288 Sacro
1209 2245 1504 2287 Pentecostes
1532 2245 1648 2288 festo
1675 2252 1848 2300 septem

222 2302 329 2346 anni
352 2303 494 2357 fuere,
526 2303 647 2358 quod
679 2303 849 2346 Romae
875 2302 921 2344 in
944 2303 1078 2346 domo
1099 2302 1376 2359 probationis
1398 2318 1424 2346 a
1452 2305 1566 2347 Rdo.
1594 2305 1730 2346 Patre
1760 2305 1849 2346 Po-

223 2362 354 2406 lanco
371 2369 580 2419 receptus
596 2369 642 2405 et
658 2361 940 2404 examinatus
959 2362 1067 2405 fui...
1094 2374 1161 2416 14.
1182 2361 1401 2418 Indignus
1423 2362 1627 2419 proximo
1650 2363 1836 2406 Penthe-

224 2428 373 2466 costes
394 2424 514 2466 festo
537 2422 594 2465 ad
616 2421 854 2476 sacerdotij
877 2420 1145 2478 dignitatem
1168 2428 1402 2476 promotus
1429 2437 1546 2474 sum,
1573 2436 1663 2477 qua
1680 2423 1850 2477 absque

226 2480 478 2525 tentatione
501 2481 591 2524 ulla
613 2494 767 2524 carere
789 2479 1051 2536 potuissem.
1078 2490 1144 2535 15.
1165 2482 1335 2524 Romae
1356 2480 1402 2523 in
1424 2482 1559 2525 domo
1576 2480 1850 2536 probationis

224 2539 422 2583 medium
441 2554 627 2591 annum,
644 2539 875 2582 Bononiae
893 2541 1078 2592 annum,
1096 2539 1299 2584 Viennae
1317 2540 1431 2584 duos
1449 2554 1607 2593 annos,
1624 2539 1848 2596 Monachij

225 2606 422 2656 quatuor
444 2613 601 2643 annos.
630 2600 724 2655 [1V,
746 2600 847 2653 761,
873 2599 992 2655 762].

368 3179 483 3214 Emsr.
507 3179 549 3212 P.
571 3183 704 3220 NADAL,
726 3180 814 3212 Tou.
836 3177 883 3210 11.
1676 3175 1712 3205 39
