2196 3522
290 288 357 326 174
843 272 968 307 Erisr
979 296 988 306 .
1018 269 1063 305 P.
1090 267 1363 314 Nan-237

285 381 354 425 cia
380 378 454 422 del
476 377 622 427 Sefior
642 389 691 418 se
720 375 780 416 ha
801 373 946 416 hecho
970 371 1111 414 frutto
1138 384 1225 414 con
1253 366 1540 430 exam[en]es,
1571 368 1840 414 renouation
1861 368 1920 414 de

285 464 432 505 votos,
459 451 644 510 platicas
665 465 696 507 y
716 449 922 494 diuersos
942 447 1149 500 ordeneS,
1175 460 1307 490 como
1335 445 1398 490 mi
1425 447 1685 492 costumbre
1711 461 1761 492 es
1783 447 1920 491 hazer

283 548 340 579 en
363 532 493 575 todos
513 530 581 572 103
603 526 836 584 collegios.
862 526 988 569 Hase
1010 524 1190 568 tomado
1212 537 1459 580 esperanza
1489 537 1579 580 que
1615 539 1670 569 en
1701 525 1918 581 Augusta

283 610 541 655 tendremos
578 611 730 662 presto
766 604 906 660 algun
943 601 1162 658 principio
1182 601 1240 645 de
1277 601 1487 658 collegio,
1511 615 1542 657 y
1562 601 1606 645 el
1626 601 1838 645 cardenal
1859 601 1917 645 de

282 688 496 743 Augusta
515 686 575 727 ha
596 681 763 738 scripto
785 681 842 724 de
863 693 1025 736 querer
1047 679 1127 722 dar
1142 678 1185 722 la
1201 677 1492 722 vniuersidad
1514 678 1572 722 de
1599 677 1786 735 Dilinga
1817 682 1844 721 3
1874 678 1918 722 13

281 764 530 818 Compafiia
554 759 832 810 totalmente,
857 772 887 813 y
907 757 946 800 el
970 757 1123 811 duque
1144 756 1202 799 de
1225 754 1417 800 Bauiera
1438 769 1534 812 por
1548 769 1628 799 sus
1655 755 1916 811 consejeros

281 855 354 885 me
373 841 433 882 ha
454 836 737 882 demandado
759 849 845 878 con
873 832 1171 890 grandissima
1191 832 1406 876 instantia
1427 832 1470 876 13
1499 831 1737 876 fundatiOn
1765 832 1823 876 de
1853 840 1916 876 vn

281 915 475 972 collegio
496 929 604 972 para
620 928 709 956 vna
730 912 893 956 ciudad
916 910 1132 968 principal
1148 925 1262 966 suya
1278 910 1470 954 llamada
1491 908 1758 966 Straubing.
1779 910 1916 966 Haga

281 1000 420 1051 gente
442 993 499 1037 V.
526 994 581 1036 R.
601 1006 631 1047 y
646 991 820 1034 buenos
837 989 1061 1040 soldados,
1083 1001 1171 1044 que
1187 988 1230 1030 13
1245 987 1412 1031 batalla
1427 991 1525 1031 esta
1540 993 1655 1039 rota,
1675 1001 1704 1042 y
1721 987 1788 1030 103
1804 1000 1916 1031 333-

281 1070 428 1127 migos
448 1071 618 1125 huyen:
644 1082 740 1110 mas
769 1081 858 1110 aun
885 1071 1087 1122 regafian
1119 1065 1187 1108 103
1215 1063 1392 1109 dientes
1420 1065 1530 1108 ellos
1557 1078 1587 1120 y
1615 1063 1659 1107 el
1685 1062 1913 1118 demonio3

286 1161 383 1191 mas
403 1147 601 1190 bellacos
623 1159 708 1188 son
729 1160 758 1200 y
782 1143 933 1186 ruines
967 1144 995 1185 ¹.

375 1237 442 1268 11.
507 1222 626 1267 Vine
646 1222 839 1277 despues
861 1225 887 1263 3
907 1226 1002 1264 este
1025 1218 1235 1276 collegio,
1260 1234 1289 1275 y
1311 1220 1369 1264 he
1391 1219 1548 1264 estado
1570 1234 1627 1264 en
1648 1219 1691 1263 31
1714 1230 1765 1263 21
1802 1222 1830 1262 ό
1854 1230 1910 1263 22

280 1302 393 1354 dias,
418 1315 506 1356 que
527 1301 586 1343 ha
607 1298 704 1342 sido
725 1304 964 1349 menester,
984 1311 1063 1353 por
1081 1311 1152 1340 ser
1168 1297 1210 1340 el
1227 1295 1425 1353 collegio
1447 1310 1614 1340 nueuo:
1635 1298 1744 1340 11333
1766 1297 1912 1339 1133110

281 1379 437 1431 frutto,
478 1391 566 1420 con
602 1377 645 1419 la
682 1375 834 1432 gracia
860 1375 916 1418 de
945 1376 1089 1430 Xpo.‚
1120 1375 1251 1418 harto
1278 1375 1430 1418 bueno
1458 1374 1491 1428 ²;
1524 1380 1718 1418 mariana
1754 1378 1782 1418 ό
1809 1387 1911 1418 3333

283 1463 384 1499 otro
406 1456 479 1499 dia
500 1454 671 1511 pienso,
697 1466 781 1496 con
804 1453 846 1495 13
867 1451 1021 1495 313133
1037 1451 1206 1509 gracia,
1228 1451 1416 1508 patirme
1438 1466 1546 1508 para
1563 1452 1789 1509 Sal'zpurg
1805 1465 1914 1508 para

283 1539 443 1575 trattar
462 1546 549 1575 con
569 1531 611 1575 31
633 1529 882 1586 arcobispo‚
907 1543 1019 1584 ques
1041 1530 1206 1572 mucho
1227 1528 1379 1586 amigo
1400 1529 1459 1574 de
1478 1529 1523 1572 la
1550 1529 1818 1585 Compafiia‚
1853 1529 1911 1574 de

282 1611 325 1653 13
352 1608 597 1664 fundacion
623 1609 680 1651 de
706 1622 768 1649 vn
795 1606 988 1663 collegio
1016 1607 1074 1650 (13
1102 1621 1217 1663 gran
1243 1605 1554 1663 ymportancia
1581 1620 1670 1662 que
1698 1606 1910 1650 entiendo

282 1685 437 1742 quieta
458 1686 621 1730 fundar
642 1699 700 1728 en
720 1699 775 1727 33
797 1683 975 1736 313333,
999 1699 1029 1739 y
1050 1684 1244 1740 puedelo
1271 1685 1406 1728 hazer
1434 1698 1544 1739 muy
1571 1682 1692 1727 bien.
1723 1685 1793 1727 De
1815 1683 1906 1737 alli,

281 1778 368 1806 con
390 1763 432 1806 13
453 1761 606 1820 gracia
628 1762 700 1806 del
722 1761 881 1814 Senot,
906 1764 986 1816 yre
1008 1765 1033 1804 3
1055 1760 1233 1805 Vienna
1253 1775 1283 1817 y
1304 1761 1507 1816 aquellos
1528 1766 1650 1805 otros
1673 1759 1904 1818 colleg-ios.

282 1842 392 1896 Muy
413 1840 470 1883 de
490 1854 623 1884 ueras
645 1853 787 1895 ruego
809 1842 835 1881 3
857 1840 912 1882 V.
940 1840 993 1882 R.
1019 1840 1139 1894 haga
1155 1839 1291 1882 hazer
1307 1837 1468 1882 missas
1484 1853 1514 1894 y
1531 1837 1708 1882 oration
1725 1852 1810 1895 por
1826 1841 1904 1881 mi.

280 1919 351 1960 Yo
372 1916 477 1960 bien
498 1916 653 1973 pienso
675 1930 764 1971 que
790 1916 833 1958 10
859 1930 950 1972 que
978 1923 1164 1960 nuestro
1195 1915 1341 1959 Padre
1369 1915 1540 1959 ordeno
1568 1930 1650 1971 por
1679 1916 1747 1959 103
1766 1915 1907 1959 30113-

280 1993 398 2050 gios,
423 2007 511 2050 que
533 1994 644 2037 cada
666 1993 897 2037 sacerdote
919 1993 1031 2036 cada
1059 2007 1246 2037 semana
1266 1991 1445 2038 dixesse
1466 2007 1555 2036 vna
1575 1992 1713 2036 missa
1742 2007 1824 2049 por
1845 1996 1906 2036 mi

352 2198 362 2218 ¹
412 2195 513 2231 Vide
531 2195 644 2242 epist.
666 2203 748 2241 227,
767 2207 803 2230 n.
824 2195 859 2230 8.

347 2258 362 2277 ²
414 2254 475 2290 Ad
493 2266 574 2290 rem
591 2253 754 2299 faciunt,
772 2266 869 2301 quae
894 2254 1048 2301 scripsit
1067 2253 1262 2300 Georgius
1281 2254 1495 2301 Peraxylus
1520 2254 1560 2291 in
1587 2255 1725 2292 litteris
1749 2255 1906 2304 quadri-

280 2314 488 2350 mestribus
506 2313 661 2360 collegii
679 2313 939 2360 oenipontani,
964 2323 1010 2349 20
1034 2314 1206 2360 Januarii
1234 2312 1342 2359 1563:
1370 2326 1435 2351 α...
1466 2314 1529 2350 Ad
1550 2326 1650 2362 quae
1673 2315 1803 2352 omnia
1825 2327 1903 2352 non

278 2385 439 2420 paruum
455 2372 654 2409 stimulum
672 2372 819 2408 addidit
836 2373 891 2408 eis
909 2374 1082 2420 [nostris]
1096 2374 1143 2410 R.
1164 2374 1207 2409 P.
1224 2373 1374 2409 Natalis
1391 2373 1597 2419 aduentus,
1612 2375 1679 2422 qui
1693 2386 1740 2411 eo
1757 2380 1905 2423 tempo—

276 2445 330 2476 re,
351 2443 428 2480 quo
441 2432 504 2468 hic
517 2431 720 2467 nobiscum
738 2438 994 2468 commoratus
1008 2438 1083 2479 est,
1097 2432 1368 2480 frequentibus
1382 2432 1732 2481 exhortationibus,
1747 2434 1902 2470 iisdem—

275 2503 352 2540 que
370 2491 494 2539 plenis
511 2492 611 2533 zelo,
631 2490 775 2537 effecit,
795 2496 837 2526 ut
854 2502 953 2527 noua
970 2493 1084 2538 plane
1109 2491 1323 2528 secundum
1343 2491 1550 2528 societatis
1566 2493 1758 2530 rationem
1780 2494 1904 2530 forma

276 2551 317 2587 in
333 2552 406 2587 hoc
423 2550 591 2597 collegio
609 2549 933 2587 introduceretur.
958 2551 1291 2589 Constitutionum
1309 2557 1528 2588 nostrarum
1546 2553 1799 2601 principalem
1819 2565 1903 2602 par-

276 2615 356 2646 tem
374 2609 575 2657 explicuit,
593 2608 712 2644 finem
737 2609 942 2646 Societatis
966 2611 1146 2646 omnibus
1169 2611 1380 2658 diligenter
1396 2612 1698 2658 commendauit,
1718 2613 1844 2650 officia
1861 2613 1902 2650 in

275 2680 410 2705 omnes
428 2668 643 2714 distribuit,
661 2667 875 2704 studiorum
893 2669 1049 2705 modum
1067 2670 1329 2717 praescripsit:
1349 2670 1440 2707 inde
1464 2671 1648 2708 effectum
1672 2677 1748 2720 est,
1766 2677 1809 2709 ut
1826 2673 1903 2720 pri-

275 2727 339 2763 die
355 2727 536 2764 calendas
559 2727 808 2774 decembres,
833 2740 987 2774 omnes,
1012 2730 1224 2776 praemissa
1247 2729 1495 2767 confessione
1517 2732 1707 2777 generali,
1733 2737 1776 2768 ut
1801 2733 1900 2769 sole-

275 2798 376 2833 mus,
395 2799 442 2823 eo
459 2798 610 2823 sacrum
628 2786 810 2831 faciente,
828 2793 919 2823 uota
936 2794 1067 2824 nostra
1084 2789 1133 2824 de
1151 2789 1305 2835 integro
1328 2790 1414 2825 Deo
1432 2790 1690 2827 obtulerimus
1707 2803 1796 2827 cum
1822 2803 1901 2827 ma-

273 2857 351 2892 gna
368 2846 514 2893 pietate
532 2850 572 2881 et
589 2845 803 2881 animorum
826 2846 1019 2883 laetitia...
1046 2848 1270 2884 Studiorum
1294 2849 1608 2896 renouationem,
1628 2855 1672 2886 ut
1697 2850 1813 2887 moris
1839 2855 1900 2887 est

275 2905 482 2941 Societatis
499 2909 668 2951 nostrae,
686 2903 925 2941 instituimus
944 2907 1159 2942 solemnem
1173 2907 1213 2943 in
1227 2908 1448 2954 praesentia
1461 2908 1505 2944 P.
1522 2909 1686 2955 Natalis3
1707 2914 1746 2946 et
1764 2915 1807 2946 ut
1819 2910 1899 2957 pla-

276 2964 364 3000 nius
380 2964 474 3012 quid
491 2963 540 3000 de
557 2975 603 2999 ea
620 2962 760 3010 dicam,
778 2963 1037 3001 interfuerunt
1053 2966 1176 3012 primo
1200 2966 1263 3002 die
1286 2967 1457 3011 (durauit
1480 2967 1584 3004 enim
1602 2968 1726 3005 tribus
1743 2967 1899 3014 diebus)

275 3022 460 3070 primates
489 3023 636 3059 excelsi
664 3021 779 3058 huius
808 3023 1009 3069 regiminis
1022 3052 1031 3070 ‚
1062 3025 1204 3073 aliique
1229 3036 1306 3062 non
1335 3025 1491 3062 infimae
1509 3027 1743 3064 conditionis
1776 3027 1899 3064 homi-

276 3094 418 3119 nes...»
436 3084 494 3119 Ex
515 3082 615 3119 Cod.
638 3091 689 3128 29
706 3081 758 3128 c),
778 3081 847 3119 fol.
875 3091 937 3118 111
957 3085 1072 3130 (290).

2071 64 2078 73 .

2184 967 2196 979 2
2177 938 2196 949 1.
2187 915 2196 926 a
2169 162 2196 906 ..a'zfflflmsfflffl;-;.z2...ffl,...„-..'⁴ss-..,.»
2176 115 2196 147 „a”
2180 95 2184 102 ··
