2196 3522
892 254 937 291 27
963 247 1164 292 JANUARn
1192 246 1284 293 1564
1827 244 1898 291 487

260 351 375 397 altre
395 349 560 394 bande.
587 349 723 394 Onde
738 347 881 392 siamo
901 347 1056 391 ridotti
1084 348 1172 392 alla
1192 348 1311 394 valle
1342 348 1388 392 di
1417 348 1650 394 Strittura.
1676 348 1726 394 Si
1746 349 1901 392 danno

261 429 413 471 buone
434 425 604 483 parolle
625 426 668 469 al
689 432 858 470 rettore
878 431 1050 478 nostro,
1075 425 1155 468 sed
1166 425 1295 468 mihil
1315 426 1438 469 venit
1458 440 1602 483 neque
1617 440 1674 470 ex
1689 440 1801 469 area
1817 439 1900 469 ne-

265 517 349 561 que
369 518 426 547 ex
447 503 685 546 torculari.
710 503 759 546 Io
779 502 917 546 credo
937 503 1024 546 che
1048 502 1092 545 la
1113 515 1196 546 sua
1228 502 1329 547 fede
1351 504 1524 560 grande
1545 504 1620 547 nel
1642 503 1837 560 Signore
1858 503 1902 546 ci

265 586 470 626 sostenta
497 578 620 632 tutti,
644 583 690 622 vt
717 594 808 622 non
836 593 893 622 ex
919 579 1009 621 solo
1028 583 1152 635 pane
1178 579 1306 621 viuat
1334 579 1477 633 homo,
1499 570 1586 624 etc.
1619 581 1724 624 Ana
1751 582 1805 624 R.
1838 581 1897 625 V.

265 657 405 701 molto
431 656 472 700 ci
500 655 926 699 riccommandiamo
953 655 1039 700 alle
1065 669 1148 699 sue
1176 655 1370 699 orationi
1397 663 1444 700 et
1471 657 1694 710 sacrificii,
1720 664 1808 702 etc.
1841 657 1903 701 Di

269 733 459 787 Vienna,
485 748 511 776 a
534 744 589 787 27
611 732 658 776 di
679 732 888 778 Gennaio
923 733 1049 787 1564.
1081 731 1141 776 Di
1169 733 1226 776 V.
1254 733 1307 775 R.
1334 733 1472 777 filiolo
1501 741 1546 778 et
1574 749 1708 778 seruo
1736 734 1781 777 in
1803 736 1902 778 Do-

265 811 388 855 mino
405 818 578 863 nostro,

1131 907 1381 951 NlcOLAus
1414 908 1660 951 LANOYUS.

354 1044 396 1086 A
418 1046 564 1100 tergo:
585 1005 676 1085 nis.
702 1042 764 1086 Al
785 1043 925 1086 molto
948 1043 1063 1086 Rdo.
1090 1042 1136 1086 in
1152 1042 1336 1087 Christo
1355 1043 1502 1089 padre
1519 1042 1788 1087 Hieronimo
1806 1043 1903 1086 Na-

269 1121 375 1173 tale,
399 1119 708 1164 commissario
729 1120 848 1165 della
867 1120 1152 1177 Compagnia
1173 1121 1219 1164 di
1238 1120 1399 1175 Giesu,
1424 1121 1470 1164 in
1493 1123 1651 1174 Roma,
1676 1135 1703 1163 o
1725 1122 1843 1164 doue
1866 1120 1903 1164 si

210 1233 215 1238 .
270 1204 414 1241 troua.
448 1197 555 1240 Alia
586 1211 744 1240 manu:
778 1198 888 1252 1563
915 1195 1028 1255 [sic].
1056 1189 1212 1241 Viena.
1249 1200 1327 1241 Re
1354 1197 1535 1253 Lanoij.
1570 1209 1624 1251 27
1647 1197 1692 1240 di
1714 1197 1907 1253 Giugno

270 1273 366 1335 [sic]
392 1276 421 1317 ¹.
452 1273 705 1331 Vestigium
727 1274 892 1332 sigilli.

267 1421 387 1457 citato
404 1433 591 1468 appresso
608 1421 738 1469 questi
755 1421 904 1467 signori
919 1433 990 1469 per
1006 1422 1178 1458 hauerne
1200 1422 1363 1470 qualche
1387 1421 1654 1467 conclusione,
1673 1421 1699 1457 il
1724 1421 1787 1457 S.1'
1807 1421 1906 1457 Leo-

267 1479 387 1516 nardo
410 1479 576 1515 Puchler
600 1478 812 1526 principale
837 1483 878 1514 et
900 1480 1003 1515 nella
1026 1491 1181 1515 camera
1203 1479 1350 1526 aulica,
1374 1485 1414 1515 et
1444 1484 1577 1515 nostro
1599 1478 1772 1525 fautore,
1797 1478 1905 1514 final-

268 1544 399 1575 mente
419 1538 653 1574 tenendome
671 1549 763 1574 seco
781 1550 833 1574 un
849 1549 947 1585 gran
964 1550 1100 1586 pezzo,
1115 1539 1167 1574 mi
1180 1538 1286 1575 disse
1300 1539 1340 1574 in
1354 1550 1502 1575 somma
1515 1539 1646 1586 quello
1659 1539 1732 1574 che
1750 1537 1904 1584 siegue:

267 1598 344 1634 «Se
364 1597 486 1633 siamo
504 1597 730 1634 finalmente
747 1598 976 1644 congregati
993 1598 1020 1634 il
1045 1599 1088 1634 P.
1108 1599 1157 1636 D.
1178 1598 1359 1645 Geuger,
1378 1599 1428 1634 D.
1455 1597 1608 1642 Seldio,
1628 1599 1678 1633 D.
1699 1598 1847 1633 Weber
1865 1604 1906 1634 et

268 1658 304 1692 io
321 1669 343 1692 a
361 1657 466 1704 quali
485 1658 520 1692 la
539 1657 639 1692 MA&
656 1657 826 1694 Cesarea
842 1657 957 1693 diede
973 1657 1038 1704 gia
1055 1658 1407 1694 communicatione
1431 1657 1470 1693 di
1493 1658 1623 1706 questi
1647 1656 1769 1693 uestri
1787 1667 1908 1703 nego-

268 1717 327 1762 tii,
347 1722 387 1752 et
403 1716 532 1764 doppo
551 1717 669 1752 molta
686 1716 998 1753 consideratione
1016 1723 1057 1753 et
1079 1717 1254 1753 discorso
1277 1729 1346 1764 per
1370 1717 1495 1764 spatio
1513 1717 1624 1765 quasi
1647 1717 1687 1753 di
1710 1716 1787 1752 due
1811 1717 1907 1751 hore

269 1786 381 1822 sopra
399 1781 538 1823 queste
555 1786 661 1820 cose,
679 1775 716 1812 ci
733 1775 855 1811 siamo
874 1776 1046 1812 rissoluti
1062 1776 1395 1812 conformemente
1413 1777 1453 1812 in
1476 1782 1616 1824 questa
1639 1774 1907 1820 conclusione,

270 1835 342 1870 che
361 1846 438 1870 non
456 1835 478 1871 e
495 1839 727 1882 opportuno,
747 1846 797 1871 ne
815 1836 939 1871 anche
956 1835 1185 1883 espediente
1203 1835 1230 1871 il
1250 1835 1433 1883 spingere
1448 1835 1514 1883 piu
1531 1835 1661 1883 questi
1676 1834 1825 1881 negotii
1839 1845 1909 1881 per

270 1896 378 1940 hora,
397 1894 580 1930 massime
597 1894 638 1930 in
654 1899 792 1942 questa
805 1894 887 1931 cosi
899 1906 1020 1941 graue
1034 1901 1074 1931 et
1087 1895 1303 1943 pericolosa
1316 1893 1511 1931 infel-mita
1523 1894 1587 1931 del
1602 1895 1907 1942 imperatore...»

270 1954 328 1989 Ex
346 1954 602 2000 autographo,
621 1953 661 1989 in
681 1953 776 1990 Cod.
795 1963 847 1999 29
864 1955 903 2000 c)
921 1953 986 1990 fol.
1007 1963 1053 2000 50
1070 1956 1185 2000 (244).

346 2015 355 2035 ¹
405 2013 506 2048 Tum
524 2024 663 2057 annus,
678 2018 761 2049 tum
775 2013 893 2049 etiarn
913 2013 1072 2060 mensis,
1087 2025 1291 2061 perperam
1305 2013 1368 2049 hic
1386 2018 1636 2059 annotantur,
1654 2023 1743 2048 cum
1757 2012 1906 2047 nullum

270 2071 431 2107 dubium
446 2071 537 2107 oriri
550 2071 673 2119 possit
686 2073 835 2118 legenti
849 2073 1053 2120 epistolam
1068 2073 1218 2120 Lanoii,
1232 2072 1325 2121 quin
1339 2072 1404 2109 die
1417 2081 1463 2118 27
1469 2072 1674 2119 januarii
1686 2083 1794 2108 anno
1807 2070 1907 2115 1564

270 2130 416 2178 scripta
435 2132 504 2168 sit.
