2196 3522
1010 326 1025 353 1
1032 326 1102 363 557
1831 324 1877 362 57

232 424 455 467 futurum:
480 421 736 467 nominaret
755 424 892 466 Pater
908 421 1104 466 vicarius
1120 420 1317 477 aliquem
1334 419 1626 473 cardinalem,
1646 434 1726 478 per
1742 433 1880 476 quem

233 500 332 559 ipse
352 500 410 544 de
430 499 502 543 his
523 500 663 543 rebus
690 506 1005 556 cognosceret:
1030 513 1135 542 eum
1157 497 1289 541 nobis
1306 498 1404 542 fore
1424 497 1733 555 gratissimum
1755 498 1766 519 ¹
1791 498 1881 555 (re-

234 577 419 635 spondit
437 577 588 633 Pater)
606 591 742 632 quem
758 576 900 633 ipsius
917 576 1135 620 sanctitas
1156 575 1434 632 designaret.
1461 576 1544 619 Est
1564 574 1834 632 designatus
1852 590 1881 619 a

237 655 383 699 Paulo
404 653 741 698 alexandrinus.
773 653 863 698 Hic
906 651 1178 697 amicissime
1214 651 1452 696 nobiscum
1479 651 1591 709 egit:
1610 651 1881 696 interum-

237 732 350 776 dixit
372 730 567 788 primum
590 730 855 775 Bobadillae
876 737 922 774 et
946 729 1130 783 Pontio,
1155 744 1214 773 ne
1234 729 1426 773 verbum
1453 729 1469 750 ³
1498 729 1640 772 vllum
1662 730 1719 772 de
1741 743 1880 773 causa

237 810 441 854 facerent
463 807 676 864 cuiquam
699 814 1017 864 praeterquam
1040 805 1127 850 sibi
1149 807 1182 850 ³.

325 885 472 943 Erigit
492 900 542 930 se
563 885 611 928 in
633 899 761 942 spem
782 898 952 928 nouam
977 883 1230 936 Bobadilla,
1256 883 1502 927 conscribit
1524 883 1754 935 articulos,
1779 883 1880 927 illos

236 962 467 1016 Patribus,
493 977 608 1018 quos
629 961 716 1006 sibi
743 963 893 1005 adhuc
920 961 1075 1005 fauere
1102 959 1408 1004 arbitrabatur
1437 967 1656 1013 oste--„-t,
1689 961 1804 1017 petit
1826 961 1862 1019 [?

235 1040 372 1085 etiam
393 1039 504 1096 quid
525 1039 616 1083 sint
631 1037 908 1096 responsuri.
935 1039 1064 1082 Haec
1093 1051 1198 1080 cum
1228 1036 1554 1081 tumultuosius
1577 1045 1751 1094 ageret,
1776 1053 1882 1095 per-

238 1124 465 1162 uenerunt
486 1117 544 1161 ad
565 1115 784 1160 vicarium
805 1122 852 1159 et
873 1114 1053 1159 articuli
1074 1122 1120 1160 et
1142 1114 1474 1171 responsiones

329 1194 487 1239 Voluit
507 1207 665 1238 omnes
689 1195 848 1237 Patres
870 1192 1028 1236 audire
1049 1191 1370 1236 alexandrinus
1391 1189 1479 1252 [de]
1500 1191 1587 1245 his,
1608 1199 1655 1237 et
1685 1192 1786 1237 eius
1817 1194 1881 1237 rei

240 1272 388 1331 gratia
422 1271 568 1316 noluit
594 1271 602 1331 Ι
628 1286 713 1315 nos
733 1270 792 1314 ad
813 1285 863 1316 se
884 1271 942 1314 ad
962 1269 1058 1314 diui
1080 1269 1206 1314 Petri
1227 1269 1399 1322 venire,
1425 1271 1506 1314 sed
1544 1269 1668 1315 venit
1690 1270 1787 1327 ipse
1824 1272 1881 1315 ad

241 1365 340 1394 nos.
380 1348 566 1394 Auditis
603 1347 817 1393 omnibus
855 1347 1085 1400 Patribus,
1118 1361 1209 1390 non
1242 1348 1437 1391 obscure
1465 1346 1747 1392 intellectum
1791 1356 1878 1401 est,

240 1427 352 1470 nihil
373 1425 497 1470 aliud
513 1425 788 1470 cardinalem
804 1440 861 1470 ex
882 1424 1005 1469 omni
1026 1424 1206 1470 actione
1228 1423 1470 1482 collegisse
1490 1439 1626 1480 quam
1648 1427 1881 1482 prophane

240 1519 294 1549 ac
317 1503 532 1549 seditiose
554 1503 707 1561 egisse
727 1503 843 1547 duos
879 1517 1091 1560 proceres
1122 1501 1404 1546 Bobadillam
1440 1508 1487 1547 et
1524 1501 1755 1555 Pontium,
1781 1517 1881 1546 am-

238 1581 456 1626 bitionem
479 1588 526 1626 et
547 1581 688 1625 malas
709 1577 830 1624 artes
851 1579 1015 1624 fecisse
1038 1580 1202 1637 palam3
1222 1578 1334 1622 nihil
1366 1586 1519 1624 tamen
1550 1579 1882 1636 pronuntiauit,

239 1673 388 1715 neque
423 1658 521 1703 eius
562 1665 659 1704 erat
694 1657 1006 1716 pronuntiare,
1032 1658 1113 1701 sed
1149 1671 1206 1701 ex
1227 1655 1342 1701 actis
1370 1658 1538 1702 referre
1574 1658 1631 1701 ad
1668 1658 1878 1702 Paulum.

242 1735 365 1781 Hinc
385 1736 535 1780 omnia
573 1737 758 1780 suerunt
788 1735 920 1779 nobis
962 1734 1284 1778 commodiora:
1310 1733 1468 1778 timere
1499 1733 1585 1778 sibi
1629 1734 1880 1787 Bobadilla,

237 1802 416 1858 solicite
437 1828 575 1871 agere
598 1813 717 1856 103
739 1819 789 1855 vt
810 1827 837 1856 a
857 1811 1075 1856 cardinali
1097 1813 1146 1857 S.
1180 1812 1358 1864 Florae,
1390 1811 1469 1868 qui
1492 1811 1839 1855 obtinueratmit
1852 1839 1873 1844 -

242 1898 337 1937 tere
373 1892 431 1935 ad
466 1890 775 1935 visitationem
812 1888 1072 1946 monasterij
1111 1889 1365 1942 cuiusdam,
1414 1889 1686 1934 mitteretur.
1725 1891 1885 1946 Itaque

242 1968 399 2026 paucis
420 1968 509 2012 illis
534 1967 698 2012 diebus
717 1967 877 2011 difisus
898 1981 1064 2011 causae
1084 1965 1293 2011 discessit
1314 1966 1347 2010 ⁴.

333 2045 527 2090 Pontius
567 2059 676 2090 vero
715 2043 852 2088 etiam
888 2043 1125 2088 distitutus
1161 2057 1246 2087 suo
1281 2044 1466 2101 pylade,
1507 2052 1659 2088 tamen
1696 2044 1885 2088 retinuit

242 2137 371 2168 suam
394 2122 740 2167 animositatem.
766 2120 895 2178 Adijt
923 2120 1267 2166 alexandrinum
1286 2118 1608 2182 [cardinalem]:
1634 2135 1663 2177 4
1684 2121 1878 2180 (inquit),

242 2202 301 2245 D.
327 2201 477 2254 Rme.‚
501 2213 752 2256 proponam
772 2213 855 2256 pro
876 2213 949 2242 me
969 2204 1128 2242 contra
1154 2197 1266 2241 istos
1294 2199 1470 2242 Patres.
1501 2199 1642 2242 Facta
1663 2199 1880 2242 facultate

241 2276 439 2330 dicendi,
463 2276 659 2334 primum
677 2274 852 2334 (inquit)
875 2282 945 2319 est
967 2275 1090 2330 quod
1112 2276 1249 2319 Pater
1269 2274 1467 2319 vicarius
1488 2275 1598 2318 mihi
1620 2290 1674 2320 eo
1697 2275 1880 2319 nomine

241 2353 567 2411 poenitentiam
598 2352 860 2405 iniunxerit,
888 2353 1011 2408 quod
1027 2351 1139 2395 illud
1166 2351 1172 2411 Ι
1199 2351 1552 2410 chirographum
1569 2354 1627 2396 ad
1649 2351 1879 2398 Sanctita—

245 2429 528 2474 temDomini
543 2429 699 2474 Nostri
717 2431 749 2483 ⁵,
769 2429 847 2473 illo
864 2428 1140 2484 inconsulto,
1151 2428 1415 2473 mississem.
1427 2429 1621 2487 Indigne
1639 2429 1743 2473 tulit
1759 2429 1853 2487 opti
1869 2456 1878 2460 -

246 2522 349 2551 mus
371 2506 611 2551 cardinalis
627 2506 822 2550 hominis
839 2505 1180 2560 confidentiam3
1206 2505 1379 2550 sciebat
1399 2506 1520 2551 enim
1539 2521 1623 2550 nos
1644 2521 1878 2562 nunquam

246 2590 484 2641 propterea
506 2583 719 2627 Pontium
741 2583 965 2641 arguisse,
990 2584 1071 2628 sed
1092 2583 1204 2626 illud
1226 2589 1402 2628 tantum
1419 2591 1617 2628 notasse.
1643 2583 1758 2627 Illud
1781 2590 1878 2626 tan·

247 2668 343 2704 tum
365 2660 462 2717 ipse
483 2659 798 2716 praesentibus
819 2673 848 2715 4
868 2660 1084 2717 professis
1100 2659 1269 2705 diserte
1284 2661 1521 2706 confessus
1543 2661 1691 2704 fuerat
1717 2675 1767 2704 se
1789 2660 1879 2703 ini-

245 2751 335 2794 que
350 2743 551 2780 nostram
567 2736 850 2781 voluntatem
866 2736 1004 2782 eundi
1021 2736 1068 2780 in
1085 2736 1352 2794 Hispaniam
1369 2752 1469 2783 esse
1486 2752 1663 2781 summo
1674 2736 1879 2794 pontifici

316 2901 327 2921 ¹
379 2898 448 2942 M.,
463 2897 742 2946 gratissimus,

311 2960 326 2980 2
376 2957 468 3002 Ms.,
486 2967 642 2992 verum.

313 3017 328 3039 ⁸
377 3016 638 3060 SAccmsz,
658 3015 735 3050 loc.
758 3014 850 3060 cit.,
869 3027 936 3052 nn.
960 3016 1021 3062 84,
1039 3018 1104 3063 85.

313 3078 329 3098 ⁴
378 3075 639 3121 SAccmNUS,
658 3075 731 3109 loc.
751 3074 836 3121 cit.,
851 3087 895 3111 n.
919 3074 984 3112 86.

316 3136 332 3158 ⁸
380 3135 471 3181 Ms.,
489 3133 540 3171 S.
564 3134 619 3171 D.
638 3132 693 3170 N.
