2196 3522
1016 276 1107 321 1562
1833 286 1877 324 91

326 379 432 424 Dixi
453 385 504 422 vt
520 378 772 437 ille-Pater,
786 378 844 431 de
866 393 957 434 quo
974 378 1122 436 attigi,
1144 378 1396 423 Vallisoleti
1413 394 1472 424 ne
1494 378 1736 433 habitaret;
1766 379 1773 437 Ι
1800 380 1883 424 sed

237 458 428 501 Romam
450 456 720 501 mitteretur.
747 457 981 510 Tablares,
1006 463 1057 499 vt
1077 457 1212 513 plane
1233 471 1380 500 mores
1401 456 1501 500 illos
1522 455 1755 502 liberiores
1782 455 1881 516 [de-

239 533 449 593 poneret]
469 540 516 578 et
537 532 763 578 habitaret
784 532 831 576 in
852 532 1075 590 collegiis,
1107 534 1401 589 obseruaretq
1410 549 1467 578 ue
1494 534 1678 591 regulas
1709 541 1759 578 vt
1786 533 1878 590 alij;

238 610 407 667 alioqui
428 612 618 655 Romam
639 617 688 653 vt
710 610 981 663 mitteretur,
1007 610 1130 666 quod
1147 610 1233 653 fuit
1249 609 1357 654 huic
1373 610 1525 664 saluti,
1545 626 1667 664 nam,
1686 612 1880 655 Romam

238 687 420 741 missus,
440 687 531 731 illic
551 695 760 731 mortuus
780 694 850 731 est
872 687 960 744 pie.
987 687 1143 731 Alium
1165 702 1256 730 non
1284 687 1520 741 miserunt,
1553 689 1675 744 quod
1703 689 1881 733 valetu-

234 764 391 808 dinem
412 771 662 809 excusaret.
688 764 810 808 Huic
832 764 1019 820 remjsit,
1044 763 1220 820 opinor,
1245 764 1572 820 profectionem
1596 767 1649 808 Ρ.
1676 766 1875 822 Laynez.

326 841 460 895 Dedi,
485 857 578 886 non
603 843 841 899 generales
871 842 1017 886 solum
1045 840 1366 884 instructiones
1394 841 1765 898 prouincialibus,
1796 844 1877 888 sed

238 919 490 976 peculiares
539 921 549 941 ¹
574 934 656 975 pro
703 919 898 976 singulis
941 918 1154 975 negotiis.
1202 919 1342 963 Suam
1378 918 1487 961 item
1530 918 1877 965 instructionem

235 995 562 1049 commissario,
587 996 702 1040 186
723 1011 814 1052 qua
834 995 1113 1052 explicabam
1136 995 1392 1047 facultates,
1418 1010 1531 1051 quas
1553 997 1878 1041 esset'habitu-

238 1087 332 1126 rus,
358 1088 475 1129 quae
496 1081 654 1130 postea
676 1074 860 1117 fuerunt
882 1072 1006 1117 visae
1028 1072 1268 1129 ampliores
1292 1074 1342 1115 P.
1366 1073 1423 1116 N.
1447 1072 1607 1129 Layni.

326 1150 626 1195 Desiderabat
662 1150 882 1195 Ximenez
934 1156 1145 1207 parentes
1187 1149 1395 1193 inuisere.
1439 1150 1680 1194 Concessi:
1706 1150 1805 1203 iuit,
1832 1159 1878 1196 et

240 1226 366 1272 venit
401 1228 459 1271 ad
495 1242 567 1273 me
603 1229 1006 1285 Cesaraugustam.
1047 1227 1147 1270 Emi
1191 1239 1215 1270 2
1249 1227 1412 1281 mulos;
1453 1241 1594 1283 quum
1630 1243 1748 1271 vnus
1785 1244 1876 1272 non

238 1304 452 1361 placeret,
492 1305 653 1361 reliqui
689 1304 1078 1362 complutensibus
1114 1305 1271 1349 eodem
1309 1304 1476 1362 precio,
1511 1312 1557 1349 et
1593 1306 1682 1349 emi
1719 1306 1872 1350 alium.

237 1381 358 1425 Emit
380 1395 404 1438 3
427 1382 649 1427 Ximenez
666 1382 898 1439 Lucronij.
926 1382 1127 1427 Omnino
1149 1382 1394 1435 consuluit,
1419 1382 1556 1426 immo
1584 1382 1698 1426 vrsit
1726 1384 1876 1428 Arao-

235 1458 335 1502 zius
355 1474 414 1504 ne
435 1474 515 1516 per
537 1459 755 1504 Baionam
783 1459 868 1504 iter
896 1460 1107 1513 facerem,
1148 1460 1228 1503 sed
1255 1474 1336 1516 per
1358 1467 1535 1504 montes
1560 1461 1792 1516 Pyreneos
1830 1468 1877 1506 et

236 1537 432 1580 Iacham:
458 1537 583 1581 nolui
605 1552 878 1595 repugnare.
910 1537 917 1596 Ι

324 1615 578 1668 Postremo,
603 1615 899 1672 congregatis
918 1614 1147 1667 fratribus,
1169 1614 1398 1671 publicaui
1415 1616 1538 1671 quod
1556 1616 1751 1660 feceram
1771 1631 1875 1672 pro-

235 1690 451 1736 uinciales
468 1699 514 1737 et
528 1692 902 1746 commissarium,
923 1699 1031 1746 etc.;
1051 1700 1113 1746 et,
1131 1692 1280 1748 quoad
1297 1692 1439 1749 potui,
1460 1693 1700 1737 conciliaui
1715 1700 1875 1738 aucto-

224 1768 417 1813 ritatem
440 1770 652 1823 Araozio,
673 1777 761 1814 etc.

327 1889 433 1933 18⁷
915 1904 1158 1935 CANISARII
1184 1891 1197 1911 ²

326 2004 392 2046 Eo
415 2003 519 2047 veni
556 2017 661 2047 cum
695 2003 859 2060 Egidio
895 2004 1116 2059 Goncale‚
1158 2003 1204 2047 id
1234 2004 1355 2049 enim
1393 2004 1525 2049 enixe
1561 2006 1875 2061 postulauerat

170 2142 173 2145 ι
234 2080 486 2134 Marchina,
511 2081 583 2137 cuj
607 2095 701 2124 non
725 2081 932 2137 placebat
958 2080 1034 2125 illa
1062 2081 1176 2125 ratio
1198 2081 1463 2139 scripturae,
1489 2097 1606 2140 quae
1627 2091 1724 2127 erat
1753 2084 1873 2127 facta

236 2171 318 2214 pro
345 2157 613 2202 fundatione
649 2158 828 2215 collegij
863 2159 1149 2203 conchensis.
1182 2161 1356 2203 Mutata
1388 2161 1402 2182 ⁵
1431 2167 1502 2204 est
1528 2160 1767 2217 scriptura,
1800 2176 1873 2206 re-

237 2240 363 2279 tenta
379 2235 650 2288 substantia,
662 2250 752 2291 qua
767 2235 1055 2293 simplicitate
1074 2236 1316 2282 Societatis
1330 2238 1524 2282 laetatus
1541 2245 1611 2281 est
1626 2240 1873 2283 vehemen—

236 2318 320 2356 ter.
345 2311 507 2356 Dimisi
529 2312 743 2370 Egidium
771 2328 876 2357 cum
904 2313 1128 2358 mandatis
1156 2321 1206 2357 vt
1229 2322 1350 2360 esset
1391 2316 1658 2360 obseruator
1686 2322 1732 2359 et
1760 2315 1872 2359 scri—

239 2388 371 2433 beret
390 2389 448 2432 ad
469 2405 559 2444 me,
584 2390 654 2434 ve]
674 2391 951 2447 generalem.
983 2391 989 2449 Ι

776 2565 780 2577 Ἰ
831 2525 1276 2557 CAESARAUGUSTAE

309 2653 314 2660 .-
327 2623 392 2665 Ea
412 2629 510 2665 erat
531 2622 605 2667 via
625 2624 683 2667 ad
706 2626 979 2680 Pyreneum.
1006 2625 1219 2668 Carolum
1242 2625 1443 2670 intellexi
1460 2626 1647 2669 missum
1666 2626 1723 2668 ad
1745 2639 1868 2677 suos,

234 2713 371 2756 quem
392 2713 481 2756 ego
502 2698 565 2742 ita
579 2699 756 2756 reliqui,
776 2708 826 2744 vt
846 2701 974 2744 illum
996 2717 1088 2745 non
1106 2701 1379 2746 dimitterem
1396 2717 1421 2747 e
1439 2702 1682 2755 Societate,
1703 2702 1784 2746 sed
1800 2701 1873 2745 iu-

233 2776 389 2820 berem
411 2776 533 2832 apud
554 2790 661 2820 suos
684 2777 856 2820 tamdiu
877 2785 1013 2831 esset,
1040 2780 1185 2822 donec
1207 2780 1459 2824 confideret
1476 2795 1525 2824 se
1548 2795 1573 2824 e
1590 2779 1736 2835 capite
1753 2779 1872 2824 bene

233 2853 415 2897 habere.
443 2852 655 2906 Visitaui,
680 2860 767 2897 etc.
794 2854 860 2898 Ibi
882 2855 1028 2912 reperi
1052 2859 1105 2900 P.
1131 2845 1494 2910 Domenechum,
1521 2871 1655 2913 quem
1678 2871 1768 2913 ego
1790 2870 1874 2899 cu-

308 2982 320 3002 ¹
373 2980 465 3027 Ms.,
485 2979 775 3027 peculiaribus.

307 3042 322 3062 ²
373 3039 453 3085 Sic;
477 3038 713 3076 Cana-veras
727 3038 774 3084 (?)
788 3039 888 3076 Vide
907 3040 1022 3088 epist.
1047 3049 1129 3094 197,
1148 3054 1187 3078 n.
1210 3051 1244 3087 23
1261 3047 1301 3079 et
1324 3043 1403 3089 198,
1423 3055 1464 3078 n.
1494 3051 1529 3078 1.

309 3101 325 3121 ³
376 3100 467 3146 Ms.,
484 3099 615 3137 Muta.
919 3117 922 3120 ·
