2196 3522
0 1028 20 1471 “TWW'ssVV-‘WFK-‘Flffv'
0 971 9 1011 “·-.
0 910 15 957 *3³7⁴
0 851 9 897 ,·.,ν-
0 824 13 836 ς

0 553 20 814 wrm-gwerr-
14 500 22 506 ἵ
17 471 20 474 ⁴
19 438 27 453 ,Α
18 396 21 398 ¹
18 363 23 373 Μ
19 333 24 346 ..
17 246 25 254 .‹
13 159 21 170 ‹

24 582 32 596 -
23 381 27 389 -
19 305 46 319 1..
36 271 38 273 .
29 247 37 249 ,
45 223 48 226 ‚
22 83 46 190 ‘.4<='⁷'·>.„.³,

58 47 69 70 Ὦ.

103 297 110 301 ‚
98 30 103 34 .

1002 212 1224 248 Appunmx
1859 213 1931 260 643

291 318 449 356 ctuose
469 314 911 358 racommandatione
931 322 979 359 et
999 294 1270 362 salutatione
1290 316 1365 360 alli
1386 316 1487 360 Rdi.
1515 315 1651 360 Padri
1679 316 1785 360 miei
1807 319 1928 374 Lay-

290 385 388 426 nes,
410 372 687 447 Salmerone,
709 380 755 418 et
771 374 872 417 altri
888 375 1005 418 della
1021 375 1339 433 Compaignia,
1359 376 1433 420 alli
1449 377 1571 432 quali
1588 377 1634 419 di
1651 390 1790 421 cuore
1806 391 1927 422 sem—

290 444 371 486 pre
386 446 430 474 m
439 433 620 478 ’.offero
642 432 812 478 Scritto
828 449 854 478 a
872 435 1088 488 Bolzano,
1103 450 1125 478 a
1141 436 1187 478 di
1205 448 1262 479 20
1278 436 1336 479 de
1352 450 1395 493 9
1401 436 1471 471 bre
1494 437 1622 491 1563.
1636 437 1708 481 De
1723 437 1780 480 V.
1796 437 1850 480 R.
1870 438 1924 480 P.

290 493 548 537 amoreuole
576 493 768 546 fratello,

717 603 722 608 .
1054 554 1103 597 IL
1135 567 1377 598 CARDINAL
1408 556 1455 598 D'
1489 555 1744 599 AUGUSTA.
1883 594 1886 596 ,

382 610 626 666 Inscripiio
653 612 704 654 in
733 615 900 667 quarta
926 613 1111 670 pagina
1148 613 1243 656 alia
1270 628 1436 656 manu:
1462 614 1524 657 Al
1558 615 1673 657 Rdo.
1704 614 1751 656 in
1783 615 1924 670 Xpo.,

287 682 416 771 {ornle
438 670 614 772 fratsslo
636 682 792 714 nostro
813 671 1104 725 amatissimo,
1129 672 1160 715 il
1178 674 1231 715 P.
1254 673 1486 726 Pollanco,
1507 674 1623 717 della
1641 671 1927 729 Compagnia

320 743 344 770 e
403 730 500 773 esu.
567 737 712 773 rento.

1036 880 1170 924 XXV

833 981 864 1015 B
873 1005 882 1015 .
906 979 1109 1017 PETRUS
1128 980 1375 1018 CANlSIUS

762 1083 930 1115 PATRI
969 1084 1184 1124 JACOBO
1223 1084 1430 1114 LAINEZ

643 1171 911 1228 Augustae,
955 1184 1012 1215 2o
1048 1171 1323 1215 Novembris
1366 1172 1476 1226 1563
1521 1173 1548 1214 ¹.

365 1261 427 1296 De
444 1263 594 1297 rectore
611 1261 773 1308 collegii
788 1261 1006 1356 dilingapnti·
1018 1261 1308 1343 constituetzndo:
1328 1260 1490 1296 Natalis
1508 1261 1555 1296 de
1573 1260 1645 1295 illo
1663 1259 1830 1307 collegio

921 1320 944 1344 ο
990 1320 1069 1344 tme
1087 1320 1189 1344 merr-
1209 1320 1270 1343 us.

370 1387 488 1430 Cum
511 1385 740 1442 redijssem
763 1386 993 1442 Dilingam
1015 1385 1368 1431 Weisenhornio
1388 1385 1541 1430 literas
1557 1384 1715 1441 accepi
1728 1399 1754 1428 a
1776 1385 1830 1428 R.
1858 1385 1912 1428 T.

279 1446 408 1489 datas
431 1447 456 1489 8
479 1453 525 1490 et
552 1461 580 1503 9
607 1445 774 1490 mensis
801 1445 937 1489 huius
965 1446 1003 1498 ¹,
1035 1460 1140 1489 suas
1170 1460 1278 1489 uero
1309 1447 1361 1489 P.
1394 1445 1544 1489 Natali
1574 1443 1761 1489 reddidi.
1796 1445 1914 1487 Cum

279 1519 389 1549 uero
411 1505 639 1549 uenissem
661 1506 947 1562 Augustam,
974 1512 1024 1548 ut
1046 1519 1213 1548 munus
1233 1504 1531 1548 concionandi
1559 1505 1691 1561 plane
1714 1504 1915 1559 postula—

278 1565 370 1617 bat,
395 1564 424 1621 ij
449 1564 616 1609 mensis
637 1566 765 1608 datas
792 1564 975 1618 offendi,
1008 1563 1233 1608 adiunctis
1254 1564 1374 1617 aliis,
1407 1578 1520 1619 quas
1542 1564 1599 1607 ad
1625 1566 1674 1607 P.
1702 1563 1910 1607 Natalem

276 1625 411 1679 paulo
433 1631 535 1680 post
555 1623 730 1667 mittam
753 1623 1096 1681 Ingolstadium.
1125 1626 1182 1667 Et
1202 1625 1259 1667 de
1281 1638 1420 1667 causa
1441 1623 1622 1678 quidem
1645 1621 1915 1677 dilingensis

277 1682 457 1739 collegii
491 1683 773 1740 potissimum
809 1683 910 1727 illae
942 1684 1218 1736 tractabant,
1248 1684 1306 1727 de
1335 1697 1425 1739 qua
1453 1696 1556 1725 cum
1587 1683 1746 1726 eodem
1776 1683 1913 1725 Patre

275 1743 536 1786 conferam..
548 1776 575 1786 ..

363 1803 432 1845 De
454 1809 575 1845 statu
598 1800 780 1858 collegii
801 1801 1067 1858 dilingensis
1088 1801 1179 1858 legi
1203 1816 1320 1857 quae
1352 1800 1508 1844 scribit
1540 1803 1676 1845 Pater
1698 1799 1909 1843 commis-

273 1860 436 1914 sarius,
470 1862 591 1905 unde
617 1860 727 1904 satis
753 1868 961 1905 constare
998 1868 1150 1918 potest
1178 1860 1464 1917 praecipuam
1501 1861 1559 1903 de
1586 1859 1910 1903 constituendo

275 1927 449 1964 rectore
470 1920 780 1964 difficultatem
802 1919 1014 1964 incidere.
1037 1921 1195 1965 Visum
1215 1929 1347 1964 antea
1365 1919 1450 1963 fuit
1469 1922 1521 1963 P.
1543 1919 1692 1963 Natali
1713 1921 1764 1962 P.
1786 1920 1907 1974 Dyr-

273 1979 390 2022 sium
418 1979 649 2036 Dilingam
677 1993 808 2035 posse
835 1980 1066 2024 transferri
1095 1987 1140 2023 et
1162 1987 1383 2024 rectorem
1412 1993 1571 2035 agere,
1603 1992 1688 2023 nec
1716 1977 1905 2020 dubium

275 2038 383 2093 quin
409 2038 561 2083 uincat
582 2038 657 2081 ille
684 2041 740 2082 D.
762 2038 1071 2083 Cuuillonium
1095 2039 1334 2106 prudentia
1362 2046 1407 2082 et
1434 2038 1656 2081 industria
1687 2044 1733 2080 et
1761 2035 1907 2093 gratia

273 2098 318 2140 in
336 2099 472 2141 rebus
489 2097 695 2154 agendis,
720 2105 767 2141 et
788 2098 1033 2142 tractandis
1054 2098 1235 2151 exteris,
1261 2098 1515 2153 studiisque
1530 2096 1794 2153 dirigendis
1815 2097 1905 2140 Sed

272 2157 466 2200 mutauit
490 2159 625 2201 Pater
650 2157 908 2210 consilium,
943 2165 988 2202 et
1015 2158 1250 2214 suspendit
1277 2159 1364 2200 hoc
1391 2133 1646 2213 negotium&
1658 2156 1705 2198 in
1728 2163 1907 2210 tempus

274 2215 400 2269 illud,
416 2219 506 2271 qno
525 2216 746 2269 Tridenti,
761 2216 942 2260 Christo
960 2218 1092 2269 duce,
1115 2231 1265 2260 coram
1283 2223 1391 2273 aget
1406 2231 1510 2259 cum
1529 2218 1582 2259 R.
1602 2217 1654 2258 T.
1666 2250 1674 2259 .
1686 2248 1715 2257 ..
1734 2217 1784 2258 P.
1808 2215 1902 2257 Na-

274 2274 375 2319 talis
397 2276 590 2318 multum
607 2275 703 2331 spei
719 2276 908 2319 collocat
925 2276 971 2319 in
988 2279 1050 2320 M.
1078 2276 1372 2328 Rauenstein,
1393 2289 1527 2331 quom
1551 2290 1607 2318 ex
1624 2273 1903 2330 ingolstadio

273 2342 514 2378 euocatum
543 2334 753 2391 Dilingae
781 2334 1033 2378 ministrum
1061 2335 1239 2380 fecit....
1271 2337 1323 2378 P.
1356 2334 1531 2378 Natalis
1559 2334 1742 2376 omnino
1766 2333 1902 2376 uellet

273 2400 469 2446 nostros,
493 2393 571 2449 qui
594 2393 805 2450 Dilingae
832 2401 1072 2438 uersantur
1099 2410 1127 2438 a
1157 2395 1391 2438 functione
1418 2392 1717 2437 concionandi
1738 2391 1904 2434 liberos

272 2467 387 2504 esse,
412 2454 533 2507 quod
555 2453 726 2496 utinam
748 2453 988 2509 impetrare
1009 2453 1307 2510 possimus...
1334 2454 1452 2497 Cum
1475 2451 1656 2496 redierit
1681 2454 1732 2494 P.
1759 2452 1903 2493 Nata-

273 2511 328 2554 lis
357 2511 649 2555 Monachium
680 2519 786 2569 aget
822 2512 880 2556 de
916 2512 1193 2556 fundationis
1229 2512 1391 2556 litteris
1427 2510 1730 2567 corrigendis,
1762 2517 1808 2553 et
1845 2510 1903 2553 de

274 2585 412 2614 causa
433 2585 613 2626 quoque
629 2571 897 2628 Clengiana‚
918 2585 1053 2627 quam
1070 2572 1199 2616 breui
1215 2573 1352 2616 finem
1374 2571 1629 2614 habituram
1648 2583 1897 2625 speramus

342 2631 578 2695 .Apertas
600 2629 820 2673 mittimus
840 2629 1012 2674 litteras
1033 2631 1331 2684 colonienses,
1353 2630 1458 2686 quia
1478 2629 1591 2686 legit
1607 2629 1706 2671 illas
1729 2630 1781 2671 P.
1807 2629 1903 2670 Na-

274 2664 392 2743 talis,
418 2689 492 2732 cui
513 2703 623 2734 sane
639 2689 809 2746 gratias
824 2690 1044 2733 debemus
1059 2690 1296 2744 maximas,‘
1321 2691 1442 2746 quod
1465 2691 1686 2732 hactenus
1707 2686 1903 2743 diligen

272 2747 443 2791 tissime
465 2747 585 2792 circa
606 2747 849 2806 collegium
876 2748 1130 2806 dilingense
1151 2749 1380 2802 laborarit,
1404 2749 1588 2805 dignus,
1614 2747 1688 2790 cui
1708 2745 1829 2789 hoc
1817 2760 1904 2788 1m-

344 2904 355 2924 ¹
406 2903 465 2937 Ex
482 2902 706 2948 archetypo,
732 2901 772 2937 in
796 2902 929 2949 Epist.
956 2901 1127 2945 canisii,
1152 2903 1185 2949 I,
1209 2903 1354 2951 duplici
1377 2902 1446 2939 fol.
1476 2900 1542 2938 123
1562 2901 1658 2947 (361,
1678 2900 1782 2944 362).
1804 2899 1907 2935 Vide

272 2949 394 3020 epiit
405 2948 502 3042 32⁰:
514 2959 639 3043 Ιιιὶιῖίαὲ
653 2947 1032 3038 ἓξιίὃαεὸξῒὸἐεὲξὲῗιζο
1049 2998 1190 3033 verbo.
