2196 3522
304 328 350 364 24
868 318 912 353 P.
940 317 1129 353 NATALIS
1155 318 1245 354 Epn
1277 326 1378 354 Man.

300 420 418 464 inter
434 434 545 464 suos
567 419 707 463 edidit
727 419 894 463 librum
915 425 1074 462 contra
1090 418 1306 464 exercitia
1331 420 1361 463 ¹.
1387 418 1507 464 Veni
1527 418 1586 462 ad
1607 419 1666 462 D.
1692 416 1896 475 Diegum
1912 433 1939 462 a

301 497 533 549 Corduba,
553 496 631 553 qui
648 497 796 541 fuerat
811 497 858 539 in
876 495 1030 541 Sicilia
1047 495 1280 552 syndicus,
1301 503 1348 540 et
1370 502 1469 541 erat
1489 501 1728 552 cooptatus
1745 495 1792 538 in
1813 509 1940 539 sum-

303 590 428 618 mum
449 573 692 617 concilium
713 572 1043 630 inquisitionis:
1070 572 1108 617 is
1130 580 1200 618 est
1216 574 1450 630 professus
1471 586 1573 617 esse
1589 572 1774 628 quidem
1789 570 1941 618 delata

301 650 533 703 exercitia,
560 650 694 694 simul
716 650 859 694 videri
881 651 938 694 ab
960 649 1134 694 inuidia
1149 651 1397 707 profectam
1414 650 1490 693 19
1505 649 1627 693 illam
1644 649 1935 694 delationem.

306 727 510 785 Rogauit
531 735 581 770 vt
603 729 899 772 concederem
921 727 983 784 illj
1007 727 1205 772 videnda
1225 726 1461 772 exercitia:
1487 741 1580 770 non
1606 725 1827 779 concessi,
1858 725 1940 771 sed

305 806 438 862 plane
459 804 569 858 dixi,
595 804 633 848 si
655 805 825 848 vellent
846 811 1006 848 contra
1026 804 1102 849 illa
1123 819 1278 862 agere,
1299 819 1383 848 nos
1405 819 1507 850 esse
1527 803 1604 847 illa
1625 809 1942 860 propugnatu—

306 897 396 935 ros,
422 897 517 926 non
538 889 588 925 vt
609 889 779 935 nostra,
805 883 887 927 sed
907 888 957 925 vt
979 897 1005 925 a
1026 882 1135 926 sede
1157 881 1404 939 apostolica
1419 880 1644 939 legittime
1660 880 1941 934 confirmata,

305 961 429 1015 quod
464 959 550 1016 ipsi
587 959 771 1004 scirent:
811 974 905 1002 non
941 966 1012 1005 est
1043 974 1116 1004 res
1144 958 1334 1004 vlterius
1364 973 1608 1016 progressa
1643 959 1678 1011 ¹,
1715 964 1762 1001 et
1793 963 1944 1001 tamen

306 1039 600 1082 vehementer
621 1037 679 1081 de
700 1039 786 1080 hac
813 1036 1044 1082 delatione
1072 1036 1391 1082 exercitiorum
1414 1035 1558 1080 nostri
1587 1035 1941 1092 trepidauerant.

395 1114 559 1170 Coepit
580 1129 719 1171 agere
742 1117 793 1158 P.
816 1114 1088 1158 Franciscus
1109 1128 1215 1158 curn
1236 1115 1606 1159 commendatore
1628 1114 1867 1157 Moschera
1887 1111 1945 1156 de

305 1191 442 1234 domo
458 1190 749 1244 simanciana,
764 1206 881 1247 quae
893 1199 991 1236 erat
1003 1192 1061 1236 ad
1076 1206 1234 1237 omnes
1250 1190 1595 1235 commoditates
1611 1195 1880 1246 opportuna.
1911 1187 1919 1247 Ι

308 1269 479 1311 Actum
500 1274 570 1311 est
591 1268 649 1311 de
671 1268 864 1325 collegio
887 1269 1056 1313 Montis
1073 1268 1221 1326 Regij,
1240 1269 1361 1314 vnde
1376 1274 1537 1325 postea
1554 1267 1640 1311 fuit
1660 1266 1943 1312 inchoatum.

401 1388 488 1431 20
971 1390 1284 1434 PLACENTIAE

402 1499 592 1557 Egimus
614 1501 855 1545 Villanoua
881 1508 927 1545 et
948 1516 1036 1558 ego
1059 1515 1163 1544 curn
1186 1501 1398 1559 episcopo
1424 1501 1482 1546 de
1510 1499 1777 1544 fundatione
1804 1499 1948 1544 colle—

309 1576 393 1634 gij,
420 1583 466 1621 et
487 1577 807 1634 transegimus:
828 1577 1045 1622 remansit
1061 1578 1152 1622 illic
1170 1578 1427 1631 Villanoua,
1447 1584 1499 1621 ut
1521 1592 1616 1623 rem
1634 1581 1942 1634 promoueret.

311 1654 555 1699 Inchoatae
576 1662 685 1698 sunt
705 1654 938 1699 lectiones.
965 1656 1029 1699 At
1051 1657 1234 1712 quando
1258 1670 1347 1713 ego
1363 1654 1556 1708 decessi,
1576 1654 1741 1698 missus
1758 1659 1828 1698 est
1844 1667 1946 1696 rur-

311 1746 414 1775 sum
452 1746 507 1776 eo
540 1734 592 1775 P.
629 1732 889 1787 Villanoua,
922 1740 973 1775 vt
1004 1740 1236 1790 praeesset
1269 1732 1488 1787 fabricae;
1512 1732 1634 1776 vnde
1661 1730 1947 1777 existimatur

313 1809 522 1852 morbum
550 1809 844 1863 contraxisse,
882 1825 938 1854 ex
967 1825 1058 1867 quo
1084 1818 1293 1855 mortuus
1322 1816 1391 1855 est
1419 1811 1572 1854 bonus
1601 1811 1738 1853 Pater
1761 1810 1793 1852 ³.

403 1928 473 1971 21
959 1931 1305 1975 SALMANTICAE

403 2042 451 2084 In
474 2041 669 2097 hospitio
692 2042 921 2091 famelicos
943 2043 1058 2087 duos
1079 2046 1329 2087 monachos
1352 2042 1658 2087 franciscanos
1675 2041 1868 2086 inuitaui
1890 2042 1947 2086 ad

314 2118 569 2174 prandium,
596 2125 683 2163 etc.
716 2119 927 2163 Visitaui:
960 2120 1099 2163 habui
1128 2119 1480 2165 exhortationes.
1507 2119 1574 2163 Ibi
1596 2119 1683 2163 fuit
1709 2119 1950 2164 emendata

313 2195 389 2239 illa
411 2196 643 2252 percussio
665 2211 848 2241 mensae
877 2198 934 2241 ad
963 2197 1232 2254 principium
1261 2204 1306 2242 et
1327 2198 1465 2241 finem
1493 2196 1667 2253 prandij
1692 2202 1738 2241 et
1759 2209 1947 2242 coenae.

314 2272 382 2315 Ibi
404 2272 605 2316 intellexi
625 2273 684 2318 de
706 2274 821 2317 Cani
842 2274 889 2317 in
925 2290 1008 2319 nos
1031 2275 1281 2319 offensione
1322 2281 1369 2318 et
1409 2273 1676 2327 maledictis;
1712 2279 1758 2318 et
1796 2279 1948 2316 tamen

316 2357 534 2393 euocatus
551 2364 607 2393 ex
625 2351 903 2408 Portugallia
921 2353 1084 2397 Strada
1101 2353 1260 2397 eodem
1278 2359 1480 2408 tempore
1497 2350 1584 2394 fuit
1600 2349 1807 2404 celebris,
1821 2356 1868 2394 et
1879 2357 1950 2394 at-

316 2426 421 2469 tulit
436 2426 714 2483 singularem
734 2429 930 2472 fructum
948 2429 1200 2472 animabus.
1220 2431 1292 2474 De
1308 2429 1436 2472 Cano
1452 2442 1610 2471 rursus
1626 2427 1790 2471 dicam.
1821 2426 1829 2485 1
1856 2428 1947 2471 Re·
1996 2431 1998 2433 ’

315 2503 477 2560 spondi
502 2511 548 2548 et
576 2504 651 2548 hic
678 2506 836 2559 multa,
860 2519 977 2561 quae
993 2507 1278 2549 habebantur
1299 2505 1347 2548 in
1373 2504 1528 2562 primis
1550 2504 1944 2549 instructionibus.

315 2581 488 2638 Accepi
509 2581 683 2626 itineris
705 2582 877 2625 socium
900 2585 963 2626 M.
990 2583 1283 2626 Emanuelem
1306 2583 1363 2626 de
1384 2582 1488 2635 Saa,
1514 2581 1592 2637 qui
1620 2595 1800 2626 mecum
1822 2581 1950 2626 venit

317 2659 522 2702 Romam.

405 2778 484 2821 22
1035 2779 1230 2822 AUILAE

401 2890 538 2934 Volui
559 2890 671 2933 illud
696 2887 967 2947 principium
994 2889 1164 2942 videre,
1198 2890 1320 2946 quod
1350 2890 1520 2935 fecerat
1551 2891 1603 2934 P.
1631 2889 1950 2934 Ferdinandus

385 3018 396 3037 ¹
448 3015 548 3051 Vide
567 3017 784 3060 POLANCO,
807 3015 971 3062 Chron„
997 3016 1069 3063 ΙΙΙ,
1090 3015 1355 3062 Appendices.

386 3077 401 3097 ²
452 3076 541 3122 Ms.‚
555 3079 792 3124 progressu.
1689 3107 1692 3110 Α

382 3136 396 3155 ⁵
447 3135 537 3181 Ms.‚
556 3138 612 3172 est
629 3137 813 3170 mortuus
830 3137 886 3171 est
903 3135 1025 3170 bonus
1047 3135 1183 3170 Patar.
1206 3135 1293 3171 Fol.
1319 3143 1364 3169 20
1385 3146 1421 3170 v.
1445 3145 1612 3170 vacuum
1640 3136 1837 3169 remanet.
