2196 3522
274 274 324 312 50
836 263 880 298 P.
907 262 1097 298 NATA-ms
1121 262 1342 298 EPHEMER.

362 403 433 447 8⁷
516 416 679 446 ROMAE
724 415 843 445 POST
877 407 985 445 2.ΑΜ
1021 414 1288 445 MISSIONEM
1310 413 1361 444 IN
1383 413 1670 455 HISPANIAM,

871 492 1067 524 VICARIO
1091 493 1133 522 P.
1160 491 1319 522 LAYNE

1042 581 1155 616 1557

363 675 567 720 Intellexi
589 676 646 719 de
668 675 861 720 transitu
885 677 937 719 P.
964 674 1146 732 Ignatij,
1166 681 1254 719 etc.
1282 675 1524 731 Quomodo
1541 681 1722 718 creatus
1739 674 1825 719 fuit
1839 675 1915 719 vi·

274 754 424 798 carius
442 755 494 797 Ρ.
521 754 715 809 Laynes,
740 759 827 796 etc.
854 752 982 797 Dixit
1003 752 1237 796 Bobadilla
1265 766 1314 796 se
1342 758 1551 796 sanatum
1573 767 1599 796 a
1617 751 1746 805 febri,
1772 766 1916 808 quum

276 831 443 876 iaceret
463 830 511 874 in
531 831 650 895 lecto
672 830 747 874 vbi
771 831 920 875 fuerat
942 837 1148 874 mortuus
1172 832 1224 874 Ρ.
1251 828 1470 887 Ignatius.
1498 829 1739 873 Cornelius
1761 829 1820 875 de
1840 844 1915 874 sa-

279 915 386 952 nata
407 908 499 952 filia
519 908 754 952 cuiusdam
776 907 979 952 mulieris
1000 908 1212 961 deuotae,
1233 914 1321 952 etc.
1973 954 1975 958 Α

369 985 593 1030 Adhibuit
621 999 694 1028 me
722 985 778 1029 ad
806 984 994 1028 consilia
1023 987 1076 1028 P.
1109 982 1334 1044 La[ynes].
1366 985 1590 1041 Suscepta
1618 985 1806 1029 fuerunt
1826 985 1925 1029 duo

282 1063 476 1120 collegia
493 1063 661 1107 Montis
688 1062 694 1120 Ι
724 1062 963 1107 Pessulani
980 1069 1026 1107 et
1038 1061 1268 1107 Perusiae.
1284 1063 1384 1119 Ego
1401 1068 1553 1106 tamen
1569 1062 1810 1106 censebam
1827 1076 1920 1105 non

284 1156 383 1186 esse
406 1140 661 1197 recipienda
682 1140 875 1197 collegia
895 1141 969 1185 vel
990 1154 1061 1183 res
1078 1139 1313 1196 grauiores
1329 1140 1532 1196 agendas
1549 1146 1655 1184 ante
1679 1138 1923 1196 praepositi

286 1218 511 1275 generalis
557 1218 846 1262 creationem.
894 1219 1008 1261 Fere
1050 1232 1123 1261 me
1166 1216 1407 1260 suffocauit
1450 1219 1685 1260 catarrhus
1727 1217 1923 1272 quadam

287 1302 438 1349 nocte3
452 1310 591 1351 quum
609 1295 760 1339 subito
777 1279 1315 1347 occlusissetanhelitum,
1327 1293 1445 1349 exilij
1465 1309 1491 1338 e
1507 1294 1644 1348 lecto,
1657 1301 1702 1338 et
1718 1293 1927 1339 deiectus

287 1380 357 1416 est
378 1374 629 1416 catarrhus:
651 1372 716 1415 fui
733 1372 795 1415 ita
811 1371 1100 1429 conterritus,
1120 1378 1170 1415 vt
1186 1370 1380 1428 singulis
1396 1370 1608 1415 noctibus
1631 1370 1784 1427 aliquo
1807 1378 1925 1416 tem-

288 1464 397 1506 pore
425 1464 497 1494 me
524 1449 586 1494 ita
623 1448 741 1493 serio
777 1462 982 1505 pararem
1019 1449 1276 1493 concedens
1298 1447 1522 1501 cubitum,
1548 1454 1684 1503 atque
1707 1447 1746 1491 si
1768 1449 1928 1493 eadem

290 1532 426 1570 nocte
444 1541 591 1572 essem
617 1528 628 1548 ¹
653 1541 679 1569 e
702 1527 910 1570 catarrho
933 1526 1242 1569 suffocandus.

381 1604 456 1647 88
517 1605 667 1659 Quam
684 1602 1004 1647 inchoaueram
1020 1602 1068 1645 in
1104 1601 1327 1658 Hispania
1342 1601 1674 1658 expositionem
1692 1601 1738 1644 in
1755 1601 1929 1645 consti-

294 1679 508 1732 tutiones,
533 1695 634 1723 sum
656 1679 827 1735 aliquot
848 1679 1008 1724 diebus
1030 1686 1314 1735 prosecutus.
1340 1677 1519 1722 Deinde
1541 1677 1685 1723 adieci
1707 1677 1926 1731 animum,

294 1763 339 1801 et
361 1772 543 1813 operam
559 1756 662 1801 dedi
679 1756 1050 1800 annotationibus
1065 1756 1111 1798 in
1128 1755 1494 1809 constitutiones,
1517 1771 1573 1800 ex
1590 1755 1756 1811 quibus
1774 1762 1932 1811 postea

296 1833 472 1877 confeci
494 1833 679 1886 scholia,
706 1833 778 1876 vel
800 1834 856 1876 ad
872 1833 1162 1888 dificultates,
1181 1847 1294 1889 quas
1310 1839 1575 1877 notaueram
1592 1832 1931 1889 respondendo,

298 1912 371 1954 vel
399 1910 664 1967 excipiendo
695 1910 732 1953 si
761 1910 869 1966 quid
897 1911 1136 1954 videbatur
1165 1925 1265 1955 esse
1293 1911 1529 1954 commode
1551 1916 1835 1963 annotatum,
1860 1910 1936 1953 vel

302 1988 508 2031 addendo
530 2002 646 2042 quae
668 1989 983 2032 occurrebant.

390 2065 509 2107 Data
539 2070 609 2107 est
644 2063 754 2106 mihi
791 2064 1210 2120 superintendentia
1237 2065 1433 2122 collegij,
1467 2066 1588 2121 quod
1614 2065 1868 2109 habebatur
1889 2065 1939 2108 in

303 2141 378 2184 via
399 2141 474 2184 illa
494 2141 551 2183 ad
573 2140 822 2185 Mineruae.
844 2142 977 2184 Eram
995 2141 1177 2196 quidem
1194 2141 1240 2184 in
1257 2141 1466 2198 collegio,
1488 2142 1568 2186 sed
1578 2141 1709 2186 nolui
1720 2140 1937 2198 interpel-

304 2219 399 2262 lare
415 2217 633 2261 rationem
661 2218 668 2276 Ι
695 2218 1055 2274 gubernationis,
1070 2234 1174 2262 nam
1186 2218 1380 2263 simulet
1396 2220 1448 2262 P.
1465 2220 1692 2262 Polancus
1708 2226 1754 2262 et
1772 2220 1824 2262 P.
1838 2221 1939 2263 Ma—

307 2294 480 2338 dridius
501 2295 643 2338 multa
663 2295 884 2338 curabant
905 2302 951 2338 et
967 2296 1166 2351 agebant
1183 2295 1230 2338 in
1247 2295 1458 2352 collegio.

397 2371 551 2415 Habui
573 2371 744 2427 aliquot
766 2371 1104 2415 exhortationes
1126 2373 1181 2415 de
1203 2372 1428 2427 instituto,
1454 2387 1594 2428 quum
1617 2372 1811 2429 primurn
1834 2373 1938 2416 veni

308 2450 512 2501 Romam,
538 2463 654 2504 quae
676 2455 996 2493 successerunt
1017 2463 1043 2492 e
1064 2448 1303 2493 sententia.
1332 2451 1497 2495 Postea
1519 2449 1628 2493 alias
1645 2449 1801 2502 habui,
1822 2464 1942 2506 quae

315 2540 407 2569 non
428 2526 557 2570 adeo.

399 2602 599 2647 Minatus
621 2603 769 2647 fuerat
790 2603 962 2646 Paulus
989 2603 1106 2648 velle
1128 2618 1176 2647 se
1204 2604 1260 2647 de
1283 2605 1420 2647 rebus
1447 2604 1614 2648 nostris
1642 2619 1943 2662 cognoscere,

311 2679 462 2723 omnia
502 2680 619 2724 velle
660 2693 716 2723 ex
757 2679 833 2722 illa
874 2680 1089 2724 cathedra
1130 2680 1390 2725 examinari:
1437 2689 1532 2726 erat
1569 2681 1705 2726 etiam
1747 2681 1949 2726 minatus

314 2758 367 2799 P.
388 2755 580 2812 Ignatio:
606 2770 658 2799 «o
675 2755 794 2799 colui
811 2756 825 2776 ²
851 2773 868 2796 ›>
890 2763 977 2800 etc.
998 2756 1185 2800 Dixerat
1204 2759 1256 2800 Ρ.
1278 2757 1505 2814 Ignatium
1524 2759 1758 2818 tyrannice
1775 2759 1944 2816 guber—

389 2902 399 2922 ¹
452 2900 542 2944 Ms.,
557 2899 736 2935 noctibus
757 2910 850 2935 esse.

385 2957 400 2978 ²
448 2959 561 2995 P-rius
584 2959 772 3006 scriptum
796 2957 936 2995 fuerat:
957 2962 1046 2995 erat
1062 2961 1186 2996 etiam
1203 2961 1399 2996 minatus:
1419 2973 1478 3006 «o,
1493 2958 1639 3005 co2ui»,·
1663 2961 1733 2997 sed
1756 2966 1799 2996 ut
1819 2951 1962 2996 declass

315 3023 419 3053 raret
435 3018 483 3054 de
501 3030 669 3066 quonam
687 3022 793 3054 esset
811 3029 953 3065 sermo,
969 3018 1052 3065 ipse
1071 3019 1210 3066 Nadal,
1223 3019 1325 3056 inter
1343 3022 1464 3057 verba
1476 3022 1658 3057 minatus
1674 3026 1715 3057 et
1729 3032 1788 3067 «o,
1801 3020 1948 3062 colui»,

316 3077 467 3113 addidit
485 3079 533 3113 P.
554 3078 616 3126 lg.
1508 3084 1511 3088 ’
