<?xml version="1.0" encoding="UTF-8"?>
<!DOCTYPE html PUBLIC "-//W3C//DTD XHTML 1.0 Transitional//EN"
    "http://www.w3.org/TR/xhtml1/DTD/xhtml1-transitional.dtd">
<html xmlns="http://www.w3.org/1999/xhtml" xml:lang="en" lang="en">
 <head>
  <title>
</title>
<meta http-equiv="Content-Type" content="text/html;charset=utf-8" />
  <meta name='ocr-system' content='tesseract 3.04.00' />
  <meta name='ocr-capabilities' content='ocr_page ocr_carea ocr_par ocr_line ocrx_word'/>
</head>
<body>
  <div class='ocr_page' id='page_1' title='image "./epistolaephieron02nadauoft_0294.png"; bbox 0 0 2196 3522; ppageno 0'>
   <div class='ocr_carea' id='block_1_1' title="bbox 317 265 1464 312">
    <p class='ocr_par' dir='ltr' id='par_1_1' title="bbox 317 265 1464 312">
     <span class='ocr_line' id='line_1_1' title="bbox 317 265 1464 312; baseline -0.008 -3"><span class='ocrx_word' id='word_1_1' title='bbox 317 272 387 309; x_wconf 83' lang='lat'><em>268</em></span> <span class='ocrx_word' id='word_1_2' title='bbox 776 269 917 304; x_wconf 74' lang='lat' dir='ltr'><em>Emsr.</em></span> <span class='ocrx_word' id='word_1_3' title='bbox 944 266 993 302; x_wconf 88' lang='lat' dir='ltr'><em>P.</em></span> <span class='ocrx_word' id='word_1_4' title='bbox 1023 265 1289 311; x_wconf 74' lang='lat' dir='ltr'>NADAL-271</span> <span class='ocrx_word' id='word_1_5' title='bbox 1317 273 1372 302; x_wconf 81' lang='lat' dir='ltr'><em>ET</em></span> <span class='ocrx_word' id='word_1_6' title='bbox 1396 273 1464 312; x_wconf 84' lang='lat'><em>272</em></span> 
     </span>
    </p>
   </div>
   <div class='ocr_carea' id='block_1_2' title="bbox 636 457 1616 600">
    <p class='ocr_par' dir='ltr' id='par_1_2' title="bbox 636 457 1616 600">
     <span class='ocr_line' id='line_1_2' title="bbox 1068 457 1176 498; baseline 0 0"><span class='ocrx_word' id='word_1_7' title='bbox 1068 457 1176 498; x_wconf 63' lang='lat'><em>2⁷1</em></span> 
     </span>
     <span class='ocr_line' id='line_1_3' title="bbox 636 553 1616 600; baseline -0.003 0"><span class='ocrx_word' id='word_1_8' title='bbox 636 559 702 600; x_wconf 89' lang='lat' dir='ltr'><em>P.</em></span> <span class='ocrx_word' id='word_1_9' title='bbox 753 554 1294 599; x_wconf 87' lang='lat' dir='ltr'>HIERONYMUS</span> <span class='ocrx_word' id='word_1_10' title='bbox 1340 553 1616 598; x_wconf 92' lang='lat' dir='ltr'><strong>NADAL</strong></span> 
     </span>
    </p>
   </div>
   <div class='ocr_carea' id='block_1_3' title="bbox 315 659 1939 1421">
    <p class='ocr_par' dir='ltr' id='par_1_3' title="bbox 677 659 1575 876">
     <span class='ocr_line' id='line_1_4' title="bbox 822 659 1432 708; baseline -0.005 -10"><span class='ocrx_word' id='word_1_11' title='bbox 822 662 981 698; x_wconf 88' lang='lat' dir='ltr'><strong>PATRI</strong></span> <span class='ocrx_word' id='word_1_12' title='bbox 1007 659 1213 708; x_wconf 89' lang='lat' dir='ltr'>JACOBO</span> <span class='ocrx_word' id='word_1_13' title='bbox 1239 660 1432 696; x_wconf 87' lang='lat' dir='ltr'><strong>LAINEZ</strong></span> 
     </span>
     <span class='ocr_line' id='line_1_5' title="bbox 706 741 1540 789; baseline -0.004 -6"><span class='ocrx_word' id='word_1_14' title='bbox 706 754 949 789; x_wconf 73' lang='grc' dir='ltr'><strong>ΤιΒΝΑνῐΑΕ,</strong></span> <span class='ocrx_word' id='word_1_15' title='bbox 979 753 1024 779; x_wconf 93' lang='grc'><em>22</em></span> <span class='ocrx_word' id='word_1_16' title='bbox 1051 753 1105 780; x_wconf 81' lang='lat' dir='ltr'><em>ET</em></span> <span class='ocrx_word' id='word_1_17' title='bbox 1130 753 1176 789; x_wconf 88' lang='lat'><em>24</em></span> <span class='ocrx_word' id='word_1_18' title='bbox 1201 752 1362 779; x_wconf 75' lang='lat' dir='ltr'><em>APles</em></span> <span class='ocrx_word' id='word_1_19' title='bbox 1391 741 1481 788; x_wconf 86' lang='lat'>1563</span> <span class='ocrx_word' id='word_1_20' title='bbox 1509 745 1540 780; x_wconf 89' lang='lat'><em>¹.</em></span> 
     </span>
     <span class='ocr_line' id='line_1_6' title="bbox 677 827 1575 876; baseline -0.003 -10"><span class='ocrx_word' id='word_1_21' title='bbox 677 829 838 866; x_wconf 84' lang='lat' dir='ltr'><em>Natalis</em></span> <span class='ocrx_word' id='word_1_22' title='bbox 870 829 1084 876; x_wconf 83' lang='lat' dir='ltr'><em>collegium</em></span> <span class='ocrx_word' id='word_1_23' title='bbox 1124 827 1384 863; x_wconf 79' lang='lat' dir='ltr'><em>Tirnaviense</em></span> <span class='ocrx_word' id='word_1_24' title='bbox 1416 827 1575 863; x_wconf 79' lang='lat' dir='ltr'><em>invisit.</em></span> 
     </span>
    </p>

    <p class='ocr_par' dir='ltr' id='par_1_4' title="bbox 405 911 1937 968">
     <span class='ocr_line' id='line_1_7' title="bbox 405 911 1937 968; baseline -0.002 -10"><span class='ocrx_word' id='word_1_25' title='bbox 405 915 741 958; x_wconf 81' lang='lat' dir='ltr'><em>Desiderantur</em></span> <span class='ocrx_word' id='word_1_26' title='bbox 768 913 851 956; x_wconf 86' lang='lat' dir='ltr'><em>lzae</em></span> <span class='ocrx_word' id='word_1_27' title='bbox 880 913 1009 955; x_wconf 79' lang='lat' dir='ltr'><em>binae</em></span> <span class='ocrx_word' id='word_1_28' title='bbox 1037 912 1229 963; x_wconf 78' lang='lat' dir='ltr'><em>litterae,</em></span> <span class='ocrx_word' id='word_1_29' title='bbox 1258 924 1454 967; x_wconf 87' lang='lat' dir='ltr'><em>quarum</em></span> <span class='ocrx_word' id='word_1_30' title='bbox 1481 914 1808 968; x_wconf 79' lang='lat' dir='ltr'><em>argumentum</em></span> <span class='ocrx_word' id='word_1_31' title='bbox 1835 911 1937 955; x_wconf 83' lang='lat' dir='ltr'><em>bre-</em></span> 
     </span>
    </p>

    <p class='ocr_par' dir='ltr' id='par_1_5' title="bbox 315 986 1936 1045">
     <span class='ocr_line' id='line_1_8' title="bbox 315 986 1936 1045; baseline -0.002 -10"><span class='ocrx_word' id='word_1_32' title='bbox 315 993 430 1035; x_wconf 85' lang='lat' dir='ltr'><em>viter</em></span> <span class='ocrx_word' id='word_1_33' title='bbox 451 991 753 1034; x_wconf 79' lang='lat' dir='ltr'><em>adumbratur</em></span> <span class='ocrx_word' id='word_1_34' title='bbox 770 991 820 1032; x_wconf 81' lang='lat' dir='ltr'><em>in</em></span> <span class='ocrx_word' id='word_1_35' title='bbox 836 989 1018 1045; x_wconf 83' lang='lat' dir='ltr'><em>epistola</em></span> <span class='ocrx_word' id='word_1_36' title='bbox 1035 990 1135 1042; x_wconf 87' lang='lat'><em>276,</em></span> <span class='ocrx_word' id='word_1_37' title='bbox 1158 1002 1205 1030; x_wconf 84' lang='lat' dir='ltr'><em>n.</em></span> <span class='ocrx_word' id='word_1_38' title='bbox 1233 998 1272 1040; x_wconf 85' lang='grc' dir='ltr'><em>Ι,</em></span> <span class='ocrx_word' id='word_1_39' title='bbox 1295 987 1370 1030; x_wconf 84' lang='lat' dir='ltr'><em>ubi</em></span> <span class='ocrx_word' id='word_1_40' title='bbox 1391 986 1498 1030; x_wconf 82' lang='lat' dir='ltr'><em>haec</em></span> <span class='ocrx_word' id='word_1_41' title='bbox 1523 988 1590 1030; x_wconf 87' lang='lat' dir='ltr'><em>ait</em></span> <span class='ocrx_word' id='word_1_42' title='bbox 1605 988 1834 1032; x_wconf 86' lang='lat' dir='ltr'><em>Polancus</em></span> <span class='ocrx_word' id='word_1_43' title='bbox 1854 1003 1936 1032; x_wconf 85' lang='lat' dir='ltr'><em>no—</em></span> 
     </span>
    </p>

    <p class='ocr_par' dir='ltr' id='par_1_6' title="bbox 316 1065 1939 1113">
     <span class='ocr_line' id='line_1_9' title="bbox 316 1065 1939 1113; baseline -0.002 0"><span class='ocrx_word' id='word_1_44' title='bbox 316 1070 439 1113; x_wconf 83' lang='lat' dir='ltr'><em>mine</em></span> <span class='ocrx_word' id='word_1_45' title='bbox 460 1069 601 1112; x_wconf 83' lang='lat' dir='ltr'><em>Patri</em></span> <span class='ocrx_word' id='word_1_46' title='bbox 621 1068 810 1112; x_wconf 81' lang='lat' dir='ltr'><em>Lainez:</em></span> <span class='ocrx_word' id='word_1_47' title='bbox 835 1068 955 1109; x_wconf 87' lang='lat' dir='ltr'><em>«Dos</em></span> <span class='ocrx_word' id='word_1_48' title='bbox 977 1066 1114 1109; x_wconf 81' lang='lat' dir='ltr'><em>tetras</em></span> <span class='ocrx_word' id='word_1_49' title='bbox 1136 1065 1291 1108; x_wconf 84' lang='lat' dir='ltr'><em>breues</em></span> <span class='ocrx_word' id='word_1_50' title='bbox 1311 1065 1364 1107; x_wconf 87' lang='lat' dir='ltr'><em>de</em></span> <span class='ocrx_word' id='word_1_51' title='bbox 1395 1066 1443 1108; x_wconf 89' lang='lat' dir='ltr'><em>V.</em></span> <span class='ocrx_word' id='word_1_52' title='bbox 1474 1065 1532 1108; x_wconf 83' lang='lat' dir='ltr'><em>R.</em></span> <span class='ocrx_word' id='word_1_53' title='bbox 1558 1065 1611 1107; x_wconf 88' lang='lat' dir='ltr'><em>de</em></span> <span class='ocrx_word' id='word_1_54' title='bbox 1639 1065 1679 1107; x_wconf 92' lang='lat' dir='ltr'><em>T</em></span> <span class='ocrx_word' id='word_1_55' title='bbox 1674 1065 1864 1108; x_wconf 84' lang='lat' dir='ltr'><em>irnauia</em></span> <span class='ocrx_word' id='word_1_56' title='bbox 1884 1065 1939 1109; x_wconf 85' lang='lat' dir='ltr'><em>de</em></span> 
     </span>
    </p>

    <p class='ocr_par' dir='ltr' id='par_1_7' title="bbox 316 1142 1938 1204">
     <span class='ocr_line' id='line_1_10' title="bbox 316 1142 1938 1204; baseline -0.002 -14"><span class='ocrx_word' id='word_1_57' title='bbox 316 1159 375 1190; x_wconf 90' lang='lat'><em>22</em></span> <span class='ocrx_word' id='word_1_58' title='bbox 391 1162 421 1204; x_wconf 80' lang='lat' dir='ltr'><em>y</em></span> <span class='ocrx_word' id='word_1_59' title='bbox 442 1158 499 1200; x_wconf 84' lang='lat'><em>24</em></span> <span class='ocrx_word' id='word_1_60' title='bbox 520 1146 591 1188; x_wconf 84' lang='lat' dir='ltr'><em>del</em></span> <span class='ocrx_word' id='word_1_61' title='bbox 605 1145 801 1201; x_wconf 84' lang='lat' dir='ltr'><em>passado</em></span> <span class='ocrx_word' id='word_1_62' title='bbox 823 1144 882 1186; x_wconf 84' lang='lat' dir='ltr'><em>lza</em></span> <span class='ocrx_word' id='word_1_63' title='bbox 903 1143 1108 1186; x_wconf 81' lang='lat' dir='ltr'><em>receuido</em></span> <span class='ocrx_word' id='word_1_64' title='bbox 1137 1143 1197 1186; x_wconf 90' lang='lat' dir='ltr'><em>N.</em></span> <span class='ocrx_word' id='word_1_65' title='bbox 1230 1143 1290 1185; x_wconf 87' lang='lat' dir='ltr'><em>P.</em></span> <span class='ocrx_word' id='word_1_66' title='bbox 1325 1143 1368 1186; x_wconf 90' lang='lat' dir='ltr'><strong><em>Y</em></strong></span> <span class='ocrx_word' id='word_1_67' title='bbox 1386 1157 1443 1185; x_wconf 81' lang='lat' dir='ltr'><em>no</em></span> <span class='ocrx_word' id='word_1_68' title='bbox 1458 1142 1607 1199; x_wconf 74' lang='lat' dir='ltr'><em>podrd</em></span> <span class='ocrx_word' id='word_1_69' title='bbox 1633 1143 1734 1186; x_wconf 82' lang='lat' dir='ltr'><em>sino</em></span> <span class='ocrx_word' id='word_1_70' title='bbox 1759 1143 1938 1200; x_wconf 79' lang='lat' dir='ltr'><em>ayudar</em></span> 
     </span>
    </p>

    <p class='ocr_par' dir='ltr' id='par_1_8' title="bbox 315 1219 1937 1280">
     <span class='ocr_line' id='line_1_11' title="bbox 315 1219 1937 1280; baseline -0.002 -13"><span class='ocrx_word' id='word_1_71' title='bbox 315 1224 474 1267; x_wconf 85' lang='lat' dir='ltr'><em>muclzo</em></span> <span class='ocrx_word' id='word_1_72' title='bbox 487 1228 609 1280; x_wconf 82' lang='lat' dir='ltr'><em>para</em></span> <span class='ocrx_word' id='word_1_73' title='bbox 630 1236 729 1265; x_wconf 86' lang='lat' dir='ltr'><em>essa</em></span> <span class='ocrx_word' id='word_1_74' title='bbox 749 1222 857 1264; x_wconf 87' lang='lat' dir='ltr'><em>obra</em></span> <span class='ocrx_word' id='word_1_75' title='bbox 879 1222 922 1263; x_wconf 85' lang='lat' dir='ltr'><em>la</em></span> <span class='ocrx_word' id='word_1_76' title='bbox 943 1221 1083 1263; x_wconf 84' lang='lat' dir='ltr'><em>uisita</em></span> <span class='ocrx_word' id='word_1_77' title='bbox 1103 1220 1156 1263; x_wconf 87' lang='lat' dir='ltr'><em>de</em></span> <span class='ocrx_word' id='word_1_78' title='bbox 1181 1221 1230 1262; x_wconf 92' lang='lat' dir='ltr'><em>V.</em></span> <span class='ocrx_word' id='word_1_79' title='bbox 1257 1220 1345 1263; x_wconf 84' lang='lat' dir='ltr'><em>R.»</em></span> <span class='ocrx_word' id='word_1_80' title='bbox 1370 1220 1446 1262; x_wconf 85' lang='lat' dir='ltr'><em>Ex</em></span> <span class='ocrx_word' id='word_1_81' title='bbox 1466 1219 1626 1276; x_wconf 85' lang='lat' dir='ltr'><em>quibus</em></span> <span class='ocrx_word' id='word_1_82' title='bbox 1641 1219 1788 1263; x_wconf 85' lang='lat' dir='ltr'><em>verbis</em></span> <span class='ocrx_word' id='word_1_83' title='bbox 1809 1220 1937 1263; x_wconf 88' lang='lat' dir='ltr'><em>erui-</em></span> 
     </span>
    </p>

    <p class='ocr_par' dir='ltr' id='par_1_9' title="bbox 317 1295 1938 1421">
     <span class='ocr_line' id='line_1_12' title="bbox 317 1295 1938 1355; baseline -0.002 -11"><span class='ocrx_word' id='word_1_84' title='bbox 317 1305 394 1344; x_wconf 89' lang='lat' dir='ltr'><em>tur</em></span> <span class='ocrx_word' id='word_1_85' title='bbox 421 1301 470 1343; x_wconf 83' lang='lat' dir='ltr'><em>in</em></span> <span class='ocrx_word' id='word_1_86' title='bbox 498 1304 640 1355; x_wconf 82' lang='lat' dir='ltr'><em>supra</em></span> <span class='ocrx_word' id='word_1_87' title='bbox 669 1299 798 1340; x_wconf 83' lang='lat' dir='ltr'><em>dictis</em></span> <span class='ocrx_word' id='word_1_88' title='bbox 826 1298 1039 1353; x_wconf 80' lang='lat' dir='ltr'><em>epistolis,</em></span> <span class='ocrx_word' id='word_1_89' title='bbox 1068 1300 1117 1340; x_wconf 90' lang='lat' dir='ltr'><em>ut</em></span> <span class='ocrx_word' id='word_1_90' title='bbox 1135 1301 1227 1353; x_wconf 84' lang='lat' dir='ltr'><em>par</em></span> <span class='ocrx_word' id='word_1_91' title='bbox 1254 1299 1365 1350; x_wconf 87' lang='lat' dir='ltr'><em>erat,</em></span> <span class='ocrx_word' id='word_1_92' title='bbox 1393 1296 1446 1339; x_wconf 87' lang='lat' dir='ltr'><em>de</em></span> <span class='ocrx_word' id='word_1_93' title='bbox 1474 1295 1704 1339; x_wconf 83' lang='lat' dir='ltr'><em>Societatis</em></span> <span class='ocrx_word' id='word_1_94' title='bbox 1723 1301 1858 1353; x_wconf 81' lang='lat' dir='ltr'><em>opera</em></span> <span class='ocrx_word' id='word_1_95' title='bbox 1885 1298 1938 1341; x_wconf 87' lang='lat' dir='ltr'><em>in</em></span> 
     </span>
     <span class='ocr_line' id='line_1_13' title="bbox 326 1375 1087 1421; baseline -0.007 0"><span class='ocrx_word' id='word_1_96' title='bbox 326 1378 546 1421; x_wconf 81' lang='lat' dir='ltr'><em>Tirnavia</em></span> <span class='ocrx_word' id='word_1_97' title='bbox 568 1376 778 1419; x_wconf 79' lang='lat' dir='ltr'><em>Natalem</em></span> <span class='ocrx_word' id='word_1_98' title='bbox 801 1375 1087 1417; x_wconf 78' lang='lat' dir='ltr'><em>disseruisse.</em></span> 
     </span>
    </p>
   </div>
   <div class='ocr_carea' id='block_1_4' title="bbox 786 1539 1473 1689">
    <p class='ocr_par' dir='ltr' id='par_1_10' title="bbox 786 1539 1473 1689">
     <span class='ocr_line' id='line_1_14' title="bbox 1068 1539 1189 1580; baseline 0 0"><span class='ocrx_word' id='word_1_99' title='bbox 1068 1539 1189 1580; x_wconf 58' lang='lat'><em>22⁸2</em></span> 
     </span>
     <span class='ocr_line' id='line_1_15' title="bbox 786 1640 1473 1689; baseline 0.003 -12"><span class='ocrx_word' id='word_1_100' title='bbox 786 1643 833 1678; x_wconf 91' lang='lat' dir='ltr'><em>P.</em></span> <span class='ocrx_word' id='word_1_101' title='bbox 865 1641 1103 1689; x_wconf 91' lang='lat' dir='ltr'>JOANNES</span> <span class='ocrx_word' id='word_1_102' title='bbox 1128 1642 1198 1677; x_wconf 94' lang='lat' dir='ltr'><em>DE</em></span> <span class='ocrx_word' id='word_1_103' title='bbox 1223 1640 1473 1679; x_wconf 91' lang='lat' dir='ltr'><strong>POLANCO</strong></span> 
     </span>
    </p>
   </div>
   <div class='ocr_carea' id='block_1_5' title="bbox 950 1725 1298 1761">
    <p class='ocr_par' dir='ltr' id='par_1_11' title="bbox 950 1725 1298 1761">
     <span class='ocr_line' id='line_1_16' title="bbox 950 1725 1298 1761; baseline -0.003 0"><span class='ocrx_word' id='word_1_104' title='bbox 950 1737 998 1761; x_wconf 84' lang='lat' dir='ltr'><em>ex</em></span> <span class='ocrx_word' id='word_1_105' title='bbox 1024 1725 1298 1761; x_wconf 87' lang='lat' dir='ltr'><em>commissione</em></span> 
     </span>
    </p>
   </div>
   <div class='ocr_carea' id='block_1_6' title="bbox 573 1809 1681 1854">
    <p class='ocr_par' dir='ltr' id='par_1_12' title="bbox 573 1809 1681 1854">
     <span class='ocr_line' id='line_1_17' title="bbox 573 1809 1681 1854; baseline -0.001 0"><span class='ocrx_word' id='word_1_106' title='bbox 573 1810 817 1854; x_wconf 90' lang='lat' dir='ltr'><strong>PATRI</strong></span> <span class='ocrx_word' id='word_1_107' title='bbox 864 1809 1357 1853; x_wconf 90' lang='lat' dir='ltr'><strong>HIERONYMO</strong></span> <span class='ocrx_word' id='word_1_108' title='bbox 1404 1809 1681 1853; x_wconf 92' lang='lat' dir='ltr'>NADAL</span> 
     </span>
    </p>
   </div>
   <div class='ocr_carea' id='block_1_7' title="bbox 677 1901 1567 1950">
    <p class='ocr_par' dir='ltr' id='par_1_13' title="bbox 677 1901 1567 1950">
     <span class='ocr_line' id='line_1_18' title="bbox 677 1901 1567 1950; baseline -0.001 -11"><span class='ocrx_word' id='word_1_109' title='bbox 677 1912 888 1950; x_wconf 80' lang='lat' dir='ltr'>TRIDENTI,</span> <span class='ocrx_word' id='word_1_110' title='bbox 915 1911 959 1944; x_wconf 87' lang='lat'><em>27</em></span> <span class='ocrx_word' id='word_1_111' title='bbox 984 1911 1064 1938; x_wconf 85' lang='lat' dir='ltr'><em>VEL</em></span> <span class='ocrx_word' id='word_1_112' title='bbox 1089 1903 1135 1938; x_wconf 91' lang='grc'><em>28</em></span> <span class='ocrx_word' id='word_1_113' title='bbox 1160 1910 1321 1939; x_wconf 70' lang='lat' dir='ltr'><strong>APRILIS</strong></span> <span class='ocrx_word' id='word_1_114' title='bbox 1344 1901 1390 1948; x_wconf 89' lang='lat'><em>(?)</em></span> <span class='ocrx_word' id='word_1_115' title='bbox 1419 1901 1509 1949; x_wconf 87' lang='lat'>1563</span> <span class='ocrx_word' id='word_1_116' title='bbox 1534 1905 1567 1939; x_wconf 78' lang='lat'><em>².</em></span> 
     </span>
    </p>
   </div>
   <div class='ocr_carea' id='block_1_8' title="bbox 413 1986 1839 2034">
    <p class='ocr_par' dir='ltr' id='par_1_14' title="bbox 413 1986 1839 2034">
     <span class='ocr_line' id='line_1_19' title="bbox 413 1986 1839 2034; baseline -0.002 -9"><span class='ocrx_word' id='word_1_117' title='bbox 413 1988 693 2026; x_wconf 85' lang='lat' dir='ltr'><em>Summarium</em></span> <span class='ocrx_word' id='word_1_118' title='bbox 708 1987 951 2034; x_wconf 72' lang='lat' dir='ltr'><em>proponitur</em></span> <span class='ocrx_word' id='word_1_119' title='bbox 969 1998 1107 2022; x_wconf 87' lang='lat' dir='ltr'><em>rerum</em></span> <span class='ocrx_word' id='word_1_120' title='bbox 1126 1987 1180 2022; x_wconf 87' lang='lat' dir='ltr'><em>ad</em></span> <span class='ocrx_word' id='word_1_121' title='bbox 1197 1986 1385 2022; x_wconf 85' lang='lat' dir='ltr'><em>Natalem</em></span> <span class='ocrx_word' id='word_1_122' title='bbox 1402 1987 1476 2023; x_wconf 85' lang='lat' dir='ltr'><em>hac</em></span> <span class='ocrx_word' id='word_1_123' title='bbox 1492 1987 1557 2023; x_wconf 85' lang='lat' dir='ltr'><em>die</em></span> <span class='ocrx_word' id='word_1_124' title='bbox 1573 1987 1819 2034; x_wconf 77' lang='lat' dir='ltr'><em>scriptarum</em></span> <span class='ocrx_word' id='word_1_125' title='bbox 1830 2013 1839 2022; x_wconf 93' lang='lat'>.</span> 
     </span>
    </p>
   </div>
   <div class='ocr_carea' id='block_1_9' title="bbox 316 2070 1937 2356">
    <p class='ocr_par' dir='ltr' id='par_1_15' title="bbox 316 2070 1937 2356">
     <span class='ocr_line' id='line_1_20' title="bbox 405 2070 1935 2127; baseline -0.001 -11"><span class='ocrx_word' id='word_1_126' title='bbox 405 2073 535 2117; x_wconf 86' lang='lat' dir='ltr'><em>Della</em></span> <span class='ocrx_word' id='word_1_127' title='bbox 555 2077 698 2114; x_wconf 88' lang='lat' dir='ltr'><em>morte</em></span> <span class='ocrx_word' id='word_1_128' title='bbox 719 2070 791 2112; x_wconf 84' lang='lat' dir='ltr'><em>del</em></span> <span class='ocrx_word' id='word_1_129' title='bbox 812 2070 948 2125; x_wconf 83' lang='lat' dir='ltr'><em>padre</em></span> <span class='ocrx_word' id='word_1_130' title='bbox 979 2070 1207 2122; x_wconf 86' lang='lat' dir='ltr'><em>d’Ermes,</em></span> <span class='ocrx_word' id='word_1_131' title='bbox 1238 2085 1263 2114; x_wconf 87' lang='lat' dir='ltr'><em>e</em></span> <span class='ocrx_word' id='word_1_132' title='bbox 1285 2070 1331 2113; x_wconf 92' lang='lat' dir='ltr'><em>di</em></span> <span class='ocrx_word' id='word_1_133' title='bbox 1357 2070 1543 2113; x_wconf 89' lang='lat' dir='ltr'><em>mandar</em></span> <span class='ocrx_word' id='word_1_134' title='bbox 1569 2084 1660 2113; x_wconf 92' lang='lat' dir='ltr'><em>una</em></span> <span class='ocrx_word' id='word_1_135' title='bbox 1681 2084 1872 2127; x_wconf 87' lang='lat' dir='ltr'><em>procura</em></span> <span class='ocrx_word' id='word_1_136' title='bbox 1893 2070 1935 2114; x_wconf 90' lang='lat' dir='ltr'><em>al</em></span> 
     </span>
     <span class='ocr_line' id='line_1_21' title="bbox 318 2145 1937 2202; baseline -0.002 -9"><span class='ocrx_word' id='word_1_137' title='bbox 318 2164 401 2194; x_wconf 85' lang='lat' dir='ltr'><em>suo</em></span> <span class='ocrx_word' id='word_1_138' title='bbox 424 2148 597 2192; x_wconf 85' lang='lat' dir='ltr'><em>fratello</em></span> <span class='ocrx_word' id='word_1_139' title='bbox 611 2182 621 2202; x_wconf 89' lang='lat'>,</span> <span class='ocrx_word' id='word_1_140' title='bbox 645 2162 670 2191; x_wconf 89' lang='lat' dir='ltr'><em>e</em></span> <span class='ocrx_word' id='word_1_141' title='bbox 691 2161 741 2191; x_wconf 84' lang='lat' dir='ltr'><em>se</em></span> <span class='ocrx_word' id='word_1_142' title='bbox 761 2145 791 2188; x_wconf 91' lang='lat' dir='ltr'><em>li</em></span> <span class='ocrx_word' id='word_1_143' title='bbox 813 2146 976 2189; x_wconf 81' lang='lat' dir='ltr'><em>mando</em></span> <span class='ocrx_word' id='word_1_144' title='bbox 1004 2147 1153 2202; x_wconf 86' lang='lat' dir='ltr'><em>quello</em></span> <span class='ocrx_word' id='word_1_145' title='bbox 1179 2148 1265 2191; x_wconf 84' lang='lat' dir='ltr'><em>che</em></span> <span class='ocrx_word' id='word_1_146' title='bbox 1289 2146 1451 2190; x_wconf 85' lang='lat' dir='ltr'><em>scrisse</em></span> <span class='ocrx_word' id='word_1_147' title='bbox 1472 2147 1503 2190; x_wconf 92' lang='lat' dir='ltr'><em>il</em></span> <span class='ocrx_word' id='word_1_148' title='bbox 1531 2148 1581 2190; x_wconf 91' lang='lat' dir='ltr'><em>P.</em></span> <span class='ocrx_word' id='word_1_149' title='bbox 1613 2147 1842 2191; x_wconf 88' lang='lat' dir='ltr'><em>Euerardo</em></span> <span class='ocrx_word' id='word_1_150' title='bbox 1863 2147 1937 2191; x_wconf 88' lang='lat' dir='ltr'><em>del</em></span> 
     </span>
     <span class='ocr_line' id='line_1_22' title="bbox 316 2222 1932 2281; baseline -0.001 -11"><span class='ocrx_word' id='word_1_151' title='bbox 316 2240 400 2270; x_wconf 87' lang='lat' dir='ltr'><em>suo</em></span> <span class='ocrx_word' id='word_1_152' title='bbox 418 2230 699 2270; x_wconf 86' lang='lat' dir='ltr'><em>testamento.</em></span> <span class='ocrx_word' id='word_1_153' title='bbox 721 2223 817 2266; x_wconf 86' lang='lat' dir='ltr'><em>Che</em></span> <span class='ocrx_word' id='word_1_154' title='bbox 835 2225 946 2266; x_wconf 70' lang='grc' dir='ltr'><em>Μ.ῐο</em></span> <span class='ocrx_word' id='word_1_155' title='bbox 965 2222 1116 2266; x_wconf 87' lang='lat' dir='ltr'><em>Pietro</em></span> <span class='ocrx_word' id='word_1_156' title='bbox 1133 2224 1320 2280; x_wconf 86' lang='lat' dir='ltr'><em>Vngaro</em></span> <span class='ocrx_word' id='word_1_157' title='bbox 1337 2224 1351 2245; x_wconf 78' lang='lat'><strong>³</strong></span> <span class='ocrx_word' id='word_1_158' title='bbox 1375 2223 1491 2267; x_wconf 87' lang='lat' dir='ltr'><em>saria</em></span> <span class='ocrx_word' id='word_1_159' title='bbox 1507 2223 1595 2268; x_wconf 90' lang='lat' dir='ltr'><em>ben</em></span> <span class='ocrx_word' id='word_1_160' title='bbox 1612 2223 1823 2267; x_wconf 88' lang='lat' dir='ltr'><em>studiassi</em></span> <span class='ocrx_word' id='word_1_161' title='bbox 1838 2223 1932 2281; x_wconf 68' lang='lat' dir='ltr'><em>pin,</em></span> 
     </span>
     <span class='ocr_line' id='line_1_23' title="bbox 318 2299 1935 2356; baseline -0.002 -9"><span class='ocrx_word' id='word_1_162' title='bbox 318 2319 344 2348; x_wconf 93' lang='grc'>6</span> <span class='ocrx_word' id='word_1_163' title='bbox 372 2300 634 2346; x_wconf 88' lang='lat' dir='ltr'><em>Hieronimo</em></span> <span class='ocrx_word' id='word_1_164' title='bbox 657 2301 747 2343; x_wconf 87' lang='lat' dir='ltr'><em>Ros</em></span> <span class='ocrx_word' id='word_1_165' title='bbox 770 2299 886 2343; x_wconf 84' lang='lat' dir='ltr'><em>forse</em></span> <span class='ocrx_word' id='word_1_166' title='bbox 908 2300 1074 2343; x_wconf 84' lang='lat' dir='ltr'><em>andara</em></span> <span class='ocrx_word' id='word_1_167' title='bbox 1095 2314 1121 2343; x_wconf 85' lang='lat' dir='ltr'><em>a</em></span> <span class='ocrx_word' id='word_1_168' title='bbox 1141 2299 1303 2356; x_wconf 85' lang='lat' dir='ltr'><em>Napoli</em></span> <span class='ocrx_word' id='word_1_169' title='bbox 1324 2315 1403 2356; x_wconf 88' lang='lat' dir='ltr'><em>per</em></span> <span class='ocrx_word' id='word_1_170' title='bbox 1425 2299 1455 2342; x_wconf 93' lang='lat' dir='ltr'><em>il</em></span> <span class='ocrx_word' id='word_1_171' title='bbox 1475 2314 1618 2344; x_wconf 88' lang='lat' dir='ltr'><em>corso.</em></span> <span class='ocrx_word' id='word_1_172' title='bbox 1646 2300 1706 2345; x_wconf 87' lang='lat' dir='ltr'><em>Se</em></span> <span class='ocrx_word' id='word_1_173' title='bbox 1726 2299 1758 2343; x_wconf 86' lang='lat' dir='ltr'><em>li</em></span> <span class='ocrx_word' id='word_1_174' title='bbox 1778 2314 1935 2344; x_wconf 87' lang='lat' dir='ltr'><em>racco-</em></span> 
     </span>
    </p>
   </div>
   <div class='ocr_carea' id='block_1_10' title="bbox 317 2390 578 2397">
    <p class='ocr_par' dir='ltr' id='par_1_16' title="bbox 317 2390 578 2397">
     <span class='ocr_line' id='line_1_24' title="bbox 317 2390 578 2397; baseline 0 1125"><span class='ocrx_word' id='word_1_175' title='bbox 317 2390 578 2397; x_wconf 95' lang='lat' dir='ltr'><em> </em></span> 
     </span>
    </p>
   </div>
   <div class='ocr_carea' id='block_1_11' title="bbox 314 2429 1936 3130">
    <p class='ocr_par' dir='ltr' id='par_1_17' title="bbox 389 2429 1315 2478">
     <span class='ocr_line' id='line_1_25' title="bbox 389 2429 1315 2478; baseline -0.002 -10"><span class='ocrx_word' id='word_1_176' title='bbox 389 2436 398 2455; x_wconf 97' lang='lat'>¹</span> <span class='ocrx_word' id='word_1_177' title='bbox 449 2433 508 2468; x_wconf 87' lang='lat' dir='ltr'><em>Ex</em></span> <span class='ocrx_word' id='word_1_178' title='bbox 529 2431 693 2478; x_wconf 87' lang='lat' dir='ltr'><em>epistola</em></span> <span class='ocrx_word' id='word_1_179' title='bbox 711 2429 793 2474; x_wconf 86' lang='lat'><strong>276,</strong></span> <span class='ocrx_word' id='word_1_180' title='bbox 812 2442 850 2465; x_wconf 92' lang='lat' dir='ltr'><em>n.</em></span> <span class='ocrx_word' id='word_1_181' title='bbox 873 2438 905 2475; x_wconf 89' lang='lat'><em>1,</em></span> <span class='ocrx_word' id='word_1_182' title='bbox 928 2429 1025 2465; x_wconf 86' lang='lat' dir='ltr'><em>Cod.</em></span> <span class='ocrx_word' id='word_1_183' title='bbox 1051 2440 1095 2476; x_wconf 84' lang='lat'><em>33</em></span> <span class='ocrx_word' id='word_1_184' title='bbox 1113 2430 1170 2475; x_wconf 83' lang='lat' dir='ltr'><em>d),</em></span> <span class='ocrx_word' id='word_1_185' title='bbox 1191 2429 1257 2466; x_wconf 86' lang='lat' dir='ltr'><em>fol.</em></span> <span class='ocrx_word' id='word_1_186' title='bbox 1277 2429 1315 2466; x_wconf 89' lang='lat'><em>3.</em></span> 
     </span>
    </p>

    <p class='ocr_par' dir='ltr' id='par_1_18' title="bbox 314 2488 1936 3010">
     <span class='ocr_line' id='line_1_26' title="bbox 322 2488 1936 2540; baseline 0 -13"><span class='ocrx_word' id='word_1_187' title='bbox 322 2536 327 2540; x_wconf 84' lang='lat'><strong>.</strong></span> <span class='ocrx_word' id='word_1_188' title='bbox 385 2495 399 2514; x_wconf 75' lang='lat'>²</span> <span class='ocrx_word' id='word_1_189' title='bbox 449 2492 509 2527; x_wconf 87' lang='lat' dir='ltr'><em>Ex</em></span> <span class='ocrx_word' id='word_1_190' title='bbox 525 2491 714 2536; x_wconf 87' lang='lat' dir='ltr'><em>Regesto‚</em></span> <span class='ocrx_word' id='word_1_191' title='bbox 736 2488 830 2524; x_wconf 88' lang='lat' dir='ltr'><em>Cod.</em></span> <span class='ocrx_word' id='word_1_192' title='bbox 851 2499 894 2534; x_wconf 83' lang='lat'><em>33</em></span> <span class='ocrx_word' id='word_1_193' title='bbox 911 2491 960 2534; x_wconf 87' lang='lat' dir='ltr'><em>c),</em></span> <span class='ocrx_word' id='word_1_194' title='bbox 980 2489 1047 2524; x_wconf 85' lang='lat' dir='ltr'><em>fol.</em></span> <span class='ocrx_word' id='word_1_195' title='bbox 1067 2498 1149 2535; x_wconf 88' lang='lat'><strong>291.</strong></span> <span class='ocrx_word' id='word_1_196' title='bbox 1169 2490 1214 2525; x_wconf 88' lang='lat' dir='ltr'><em>In</em></span> <span class='ocrx_word' id='word_1_197' title='bbox 1232 2489 1419 2536; x_wconf 86' lang='lat' dir='ltr'><em>margine:</em></span> <span class='ocrx_word' id='word_1_198' title='bbox 1440 2491 1488 2525; x_wconf 90' lang='lat' dir='ltr'><em>P.</em></span> <span class='ocrx_word' id='word_1_199' title='bbox 1508 2490 1651 2526; x_wconf 79' lang='lat' dir='ltr'><em>Natat.</em></span> <span class='ocrx_word' id='word_1_200' title='bbox 1682 2490 1936 2527; x_wconf 88' lang='lat' dir='ltr'><em>Desideratur</em></span> 
     </span>
     <span class='ocr_line' id='line_1_27' title="bbox 316 2548 1934 2598; baseline -0.001 -10"><span class='ocrx_word' id='word_1_201' title='bbox 316 2550 514 2588; x_wconf 90' lang='lat' dir='ltr'><em>annotatio</em></span> <span class='ocrx_word' id='word_1_202' title='bbox 531 2548 624 2592; x_wconf 89' lang='lat' dir='ltr'><em>diei,</em></span> <span class='ocrx_word' id='word_1_203' title='bbox 642 2548 682 2584; x_wconf 84' lang='lat' dir='ltr'><em>in</em></span> <span class='ocrx_word' id='word_1_204' title='bbox 699 2559 774 2595; x_wconf 91' lang='lat' dir='ltr'><em>qua</em></span> <span class='ocrx_word' id='word_1_205' title='bbox 787 2548 882 2583; x_wconf 87' lang='lat' dir='ltr'><em>haec</em></span> <span class='ocrx_word' id='word_1_206' title='bbox 897 2548 1060 2595; x_wconf 89' lang='lat' dir='ltr'><em>epistola</em></span> <span class='ocrx_word' id='word_1_207' title='bbox 1073 2549 1215 2596; x_wconf 85' lang='lat' dir='ltr'><em>scripta</em></span> <span class='ocrx_word' id='word_1_208' title='bbox 1229 2548 1315 2586; x_wconf 77' lang='lat' dir='ltr'><em>fuit.</em></span> <span class='ocrx_word' id='word_1_209' title='bbox 1331 2548 1410 2584; x_wconf 89' lang='lat' dir='ltr'><em>Sed</em></span> <span class='ocrx_word' id='word_1_210' title='bbox 1423 2549 1603 2596; x_wconf 89' lang='lat' dir='ltr'><em>quoniam</em></span> <span class='ocrx_word' id='word_1_211' title='bbox 1618 2555 1706 2597; x_wconf 89' lang='lat' dir='ltr'><em>post</em></span> <span class='ocrx_word' id='word_1_212' title='bbox 1720 2549 1819 2596; x_wconf 89' lang='lat' dir='ltr'><em>illas,</em></span> <span class='ocrx_word' id='word_1_213' title='bbox 1834 2561 1934 2598; x_wconf 87' lang='lat' dir='ltr'><em>quae</em></span> 
     </span>
     <span class='ocr_line' id='line_1_28' title="bbox 314 2607 1932 2656; baseline -0.001 -10"><span class='ocrx_word' id='word_1_214' title='bbox 314 2610 377 2647; x_wconf 88' lang='lat' dir='ltr'><em>die</em></span> <span class='ocrx_word' id='word_1_215' title='bbox 395 2618 439 2656; x_wconf 85' lang='lat'><em>27</em></span> <span class='ocrx_word' id='word_1_216' title='bbox 457 2609 569 2645; x_wconf 89' lang='lat' dir='ltr'><em>datae</em></span> <span class='ocrx_word' id='word_1_217' title='bbox 586 2607 710 2653; x_wconf 79' lang='lat' dir='ltr'><em>fuere,</em></span> <span class='ocrx_word' id='word_1_218' title='bbox 728 2611 768 2641; x_wconf 88' lang='lat' dir='ltr'><em>et</em></span> <span class='ocrx_word' id='word_1_219' title='bbox 785 2612 874 2641; x_wconf 86' lang='lat' dir='ltr'><em>ante</em></span> <span class='ocrx_word' id='word_1_220' title='bbox 893 2607 986 2642; x_wconf 89' lang='lat' dir='ltr'><em>alias</em></span> <span class='ocrx_word' id='word_1_221' title='bbox 1004 2607 1052 2642; x_wconf 92' lang='lat' dir='ltr'><em>ad</em></span> <span class='ocrx_word' id='word_1_222' title='bbox 1068 2607 1171 2643; x_wconf 89' lang='lat' dir='ltr'><em>diem</em></span> <span class='ocrx_word' id='word_1_223' title='bbox 1190 2617 1235 2652; x_wconf 90' lang='lat'><em>29</em></span> <span class='ocrx_word' id='word_1_224' title='bbox 1252 2613 1474 2655; x_wconf 86' lang='lat' dir='ltr'><em>spectantes</em></span> <span class='ocrx_word' id='word_1_225' title='bbox 1491 2607 1696 2655; x_wconf 88' lang='lat' dir='ltr'><em>reperitur,</em></span> <span class='ocrx_word' id='word_1_226' title='bbox 1714 2609 1815 2645; x_wconf 84' lang='lat' dir='ltr'><em>eirca</em></span> <span class='ocrx_word' id='word_1_227' title='bbox 1829 2609 1932 2646; x_wconf 87' lang='lat' dir='ltr'><em>diem</em></span> 
     </span>
     <span class='ocr_line' id='line_1_29' title="bbox 315 2665 1930 2716; baseline -0.001 -10"><span class='ocrx_word' id='word_1_228' title='bbox 315 2670 360 2706; x_wconf 89' lang='lat'><em>28</em></span> <span class='ocrx_word' id='word_1_229' title='bbox 378 2673 574 2706; x_wconf 86' lang='lat' dir='ltr'><em>exaratam</em></span> <span class='ocrx_word' id='word_1_230' title='bbox 591 2666 712 2702; x_wconf 83' lang='lat' dir='ltr'><em>fuisse</em></span> <span class='ocrx_word' id='word_1_231' title='bbox 729 2665 852 2712; x_wconf 88' lang='lat' dir='ltr'><em>primo</em></span> <span class='ocrx_word' id='word_1_232' title='bbox 869 2665 1011 2701; x_wconf 89' lang='lat' dir='ltr'><em>intuitu</em></span> <span class='ocrx_word' id='word_1_233' title='bbox 1028 2666 1134 2702; x_wconf 88' lang='lat' dir='ltr'><em>credi</em></span> <span class='ocrx_word' id='word_1_234' title='bbox 1152 2672 1296 2714; x_wconf 88' lang='lat' dir='ltr'><em>posset.</em></span> <span class='ocrx_word' id='word_1_235' title='bbox 1317 2666 1417 2703; x_wconf 92' lang='lat' dir='ltr'><em>Cum</em></span> <span class='ocrx_word' id='word_1_236' title='bbox 1434 2678 1528 2703; x_wconf 90' lang='lat' dir='ltr'><em>vero</em></span> <span class='ocrx_word' id='word_1_237' title='bbox 1541 2667 1582 2703; x_wconf 90' lang='lat' dir='ltr'><em>in</em></span> <span class='ocrx_word' id='word_1_238' title='bbox 1595 2667 1731 2703; x_wconf 89' lang='lat' dir='ltr'><em>eodem</em></span> <span class='ocrx_word' id='word_1_239' title='bbox 1744 2668 1930 2716; x_wconf 87' lang='lat' dir='ltr'><em>Regesto‚</em></span> 
     </span>
     <span class='ocr_line' id='line_1_30' title="bbox 315 2725 1934 2776; baseline -0.001 -11"><span class='ocrx_word' id='word_1_240' title='bbox 315 2730 379 2765; x_wconf 89' lang='lat' dir='ltr'><em>fol.</em></span> <span class='ocrx_word' id='word_1_241' title='bbox 401 2728 485 2775; x_wconf 82' lang='lat'>298,</span> <span class='ocrx_word' id='word_1_242' title='bbox 502 2728 598 2763; x_wconf 89' lang='lat' dir='ltr'><em>haec</em></span> <span class='ocrx_word' id='word_1_243' title='bbox 615 2725 694 2761; x_wconf 90' lang='lat' dir='ltr'><em>sint</em></span> <span class='ocrx_word' id='word_1_244' title='bbox 710 2730 905 2760; x_wconf 88' lang='lat' dir='ltr'><em>annotata:</em></span> <span class='ocrx_word' id='word_1_245' title='bbox 927 2726 1006 2761; x_wconf 85' lang='lat' dir='ltr'><em>P.e</em></span> <span class='ocrx_word' id='word_1_246' title='bbox 1025 2726 1170 2761; x_wconf 84' lang='lat' dir='ltr'><em>Dottor</em></span> <span class='ocrx_word' id='word_1_247' title='bbox 1186 2726 1368 2762; x_wconf 83' lang='lat' dir='ltr'><em>Hermes.</em></span> <span class='ocrx_word' id='word_1_248' title='bbox 1389 2726 1437 2762; x_wconf 89' lang='lat' dir='ltr'><em>Se</em></span> <span class='ocrx_word' id='word_1_249' title='bbox 1454 2727 1487 2762; x_wconf 80' lang='lat' dir='ltr'><em>li</em></span> <span class='ocrx_word' id='word_1_250' title='bbox 1501 2727 1640 2763; x_wconf 80' lang='lat' dir='ltr'><em>scrisse</em></span> <span class='ocrx_word' id='word_1_251' title='bbox 1662 2728 1767 2763; x_wconf 85' lang='lat' dir='ltr'><em>detto</em></span> <span class='ocrx_word' id='word_1_252' title='bbox 1785 2728 1934 2776; x_wconf 83' lang='lat' dir='ltr'><em>giorno</em></span> 
     </span>
     <span class='ocr_line' id='line_1_31' title="bbox 315 2784 1932 2835; baseline 0 -12"><span class='ocrx_word' id='word_1_253' title='bbox 315 2790 352 2835; x_wconf 88' lang='lat'><em>[4</em></span> <span class='ocrx_word' id='word_1_254' title='bbox 369 2787 476 2834; x_wconf 90' lang='lat' dir='ltr'><em>Maji]</em></span> <span class='ocrx_word' id='word_1_255' title='bbox 492 2786 599 2822; x_wconf 85' lang='lat' dir='ltr'><em>delta</em></span> <span class='ocrx_word' id='word_1_256' title='bbox 616 2787 742 2820; x_wconf 84' lang='lat' dir='ltr'><em>morte</em></span> <span class='ocrx_word' id='word_1_257' title='bbox 759 2784 823 2819; x_wconf 86' lang='lat' dir='ltr'><em>del</em></span> <span class='ocrx_word' id='word_1_258' title='bbox 838 2795 908 2819; x_wconf 88' lang='lat' dir='ltr'><em>suo</em></span> <span class='ocrx_word' id='word_1_259' title='bbox 921 2785 1065 2831; x_wconf 81' lang='lat' dir='ltr'><em>padre,</em></span> <span class='ocrx_word' id='word_1_260' title='bbox 1086 2787 1123 2820; x_wconf 85' lang='lat' dir='ltr'><em>et</em></span> <span class='ocrx_word' id='word_1_261' title='bbox 1139 2786 1203 2820; x_wconf 87' lang='lat' dir='ltr'><em>che</em></span> <span class='ocrx_word' id='word_1_262' title='bbox 1221 2786 1363 2820; x_wconf 86' lang='lat' dir='ltr'><em>mandi</em></span> <span class='ocrx_word' id='word_1_263' title='bbox 1389 2797 1471 2821; x_wconf 87' lang='lat' dir='ltr'><em>una</em></span> <span class='ocrx_word' id='word_1_264' title='bbox 1487 2788 1668 2833; x_wconf 77' lang='lat' dir='ltr'><em>procura</em></span> <span class='ocrx_word' id='word_1_265' title='bbox 1690 2786 1733 2821; x_wconf 83' lang='lat' dir='ltr'><em>al</em></span> <span class='ocrx_word' id='word_1_266' title='bbox 1748 2798 1820 2822; x_wconf 87' lang='lat' dir='ltr'><em>suo</em></span> <span class='ocrx_word' id='word_1_267' title='bbox 1836 2786 1932 2834; x_wconf 86' lang='lat' dir='ltr'><em>fra-</em></span> 
     </span>
     <span class='ocr_line' id='line_1_32' title="bbox 315 2842 1931 2892; baseline -0.001 -9"><span class='ocrx_word' id='word_1_268' title='bbox 315 2848 421 2892; x_wconf 80' lang='lat' dir='ltr'><em>tello3</em></span> <span class='ocrx_word' id='word_1_269' title='bbox 442 2845 681 2892; x_wconf 84' lang='lat' dir='ltr'><em>suspicamur</em></span> <span class='ocrx_word' id='word_1_270' title='bbox 699 2842 815 2879; x_wconf 89' lang='lat' dir='ltr'><em>etiam</em></span> <span class='ocrx_word' id='word_1_271' title='bbox 833 2843 904 2877; x_wconf 90' lang='lat' dir='ltr'><em>hac</em></span> <span class='ocrx_word' id='word_1_272' title='bbox 930 2842 993 2878; x_wconf 88' lang='lat' dir='ltr'><em>die</em></span> <span class='ocrx_word' id='word_1_273' title='bbox 1016 2843 1124 2879; x_wconf 89' lang='lat' dir='ltr'><em>datas</em></span> <span class='ocrx_word' id='word_1_274' title='bbox 1147 2843 1268 2879; x_wconf 86' lang='lat' dir='ltr'><em>fuisse</em></span> <span class='ocrx_word' id='word_1_275' title='bbox 1293 2844 1378 2880; x_wconf 89' lang='lat' dir='ltr'><em>illas</em></span> <span class='ocrx_word' id='word_1_276' title='bbox 1402 2845 1551 2880; x_wconf 86' lang='lat' dir='ltr'><em>litteras</em></span> <span class='ocrx_word' id='word_1_277' title='bbox 1575 2844 1623 2880; x_wconf 89' lang='lat' dir='ltr'><em>ad</em></span> <span class='ocrx_word' id='word_1_278' title='bbox 1642 2845 1834 2891; x_wconf 82' lang='lat' dir='ltr'><em>Natalem3</em></span> <span class='ocrx_word' id='word_1_279' title='bbox 1853 2857 1931 2883; x_wconf 88' lang='lat' dir='ltr'><em>non</em></span> 
     </span>
     <span class='ocr_line' id='line_1_33' title="bbox 315 2901 1930 2952; baseline -0.001 -9"><span class='ocrx_word' id='word_1_280' title='bbox 315 2908 419 2943; x_wconf 87' lang='lat' dir='ltr'><em>enim</em></span> <span class='ocrx_word' id='word_1_281' title='bbox 436 2903 648 2941; x_wconf 86' lang='lat' dir='ltr'><em>verisimile</em></span> <span class='ocrx_word' id='word_1_282' title='bbox 665 2902 818 2938; x_wconf 86' lang='lat' dir='ltr'><em>videtur</em></span> <span class='ocrx_word' id='word_1_283' title='bbox 835 2901 1049 2938; x_wconf 85' lang='lat' dir='ltr'><em>nuntiatam</em></span> <span class='ocrx_word' id='word_1_284' title='bbox 1065 2902 1187 2938; x_wconf 84' lang='lat' dir='ltr'><em>fuisse</em></span> <span class='ocrx_word' id='word_1_285' title='bbox 1210 2908 1374 2939; x_wconf 87' lang='lat' dir='ltr'><em>mortem</em></span> <span class='ocrx_word' id='word_1_286' title='bbox 1397 2904 1567 2951; x_wconf 89' lang='lat' dir='ltr'><em>parentis</em></span> <span class='ocrx_word' id='word_1_287' title='bbox 1592 2903 1672 2940; x_wconf 88' lang='lat' dir='ltr'><em>filio</em></span> <span class='ocrx_word' id='word_1_288' title='bbox 1694 2910 1846 2952; x_wconf 89' lang='lat' dir='ltr'><em>septem</em></span> <span class='ocrx_word' id='word_1_289' title='bbox 1867 2906 1930 2942; x_wconf 89' lang='lat' dir='ltr'><em>vel</em></span> 
     </span>
     <span class='ocr_line' id='line_1_34' title="bbox 314 2960 1438 3010; baseline -0.004 -7"><span class='ocrx_word' id='word_1_290' title='bbox 314 2966 402 3003; x_wconf 80' lang='lat' dir='ltr'><em>octo&#39;</em></span> <span class='ocrx_word' id='word_1_291' title='bbox 417 2965 555 3001; x_wconf 89' lang='lat' dir='ltr'><em>diebus</em></span> <span class='ocrx_word' id='word_1_292' title='bbox 572 2966 659 3010; x_wconf 90' lang='lat' dir='ltr'><em>post</em></span> <span class='ocrx_word' id='word_1_293' title='bbox 676 2972 789 3009; x_wconf 91' lang='lat' dir='ltr'><em>quam</em></span> <span class='ocrx_word' id='word_1_294' title='bbox 806 2960 854 2996; x_wconf 90' lang='lat' dir='ltr'><em>de</em></span> <span class='ocrx_word' id='word_1_295' title='bbox 872 2961 936 2996; x_wconf 87' lang='lat' dir='ltr'><em>illa</em></span> <span class='ocrx_word' id='word_1_296' title='bbox 953 2961 1082 2997; x_wconf 90' lang='lat' dir='ltr'><em>Natali</em></span> <span class='ocrx_word' id='word_1_297' title='bbox 1098 2962 1283 3009; x_wconf 87' lang='lat' dir='ltr'><em>scriptum</em></span> <span class='ocrx_word' id='word_1_298' title='bbox 1300 2962 1438 2999; x_wconf 83' lang='lat' dir='ltr'><em>fuerat.</em></span> 
     </span>
    </p>

    <p class='ocr_par' dir='ltr' id='par_1_19' title="bbox 314 3014 1930 3130">
     <span class='ocr_line' id='line_1_35' title="bbox 314 3014 1930 3068; baseline 0.001 -11"><span class='ocrx_word' id='word_1_299' title='bbox 314 3014 326 3022; x_wconf 54' lang='grc'><em>“</em></span> <span class='ocrx_word' id='word_1_300' title='bbox 384 3026 398 3046; x_wconf 81' lang='lat'><strong>³</strong></span> <span class='ocrx_word' id='word_1_301' title='bbox 449 3024 618 3059; x_wconf 85' lang='lat' dir='ltr'><em>«Petrus</em></span> <span class='ocrx_word' id='word_1_302' title='bbox 639 3021 884 3068; x_wconf 84' lang='lat' dir='ltr'><em>Hungarus.</em></span> <span class='ocrx_word' id='word_1_303' title='bbox 913 3019 1044 3056; x_wconf 88' lang='lat' dir='ltr'><em>Pierre</em></span> <span class='ocrx_word' id='word_1_304' title='bbox 1069 3021 1244 3056; x_wconf 88' lang='lat' dir='ltr'><em>Hernath</em></span> <span class='ocrx_word' id='word_1_305' title='bbox 1268 3026 1377 3057; x_wconf 88' lang='lat' dir='ltr'><em>entra</em></span> <span class='ocrx_word' id='word_1_306' title='bbox 1401 3033 1450 3058; x_wconf 87' lang='lat' dir='ltr'><em>au</em></span> <span class='ocrx_word' id='word_1_307' title='bbox 1471 3022 1641 3058; x_wconf 88' lang='lat' dir='ltr'><em>noviciat</em></span> <span class='ocrx_word' id='word_1_308' title='bbox 1662 3022 1711 3058; x_wconf 89' lang='lat' dir='ltr'><em>de</em></span> <span class='ocrx_word' id='word_1_309' title='bbox 1733 3023 1855 3059; x_wconf 87' lang='lat' dir='ltr'><em>Rome</em></span> <span class='ocrx_word' id='word_1_310' title='bbox 1881 3034 1930 3059; x_wconf 88' lang='lat' dir='ltr'><em>en</em></span> 
     </span>
     <span class='ocr_line' id='line_1_36' title="bbox 317 3079 1930 3130; baseline -0.001 -10"><span class='ocrx_word' id='word_1_311' title='bbox 317 3092 423 3130; x_wconf 87' lang='lat'>1559.</span> <span class='ocrx_word' id='word_1_312' title='bbox 447 3083 479 3118; x_wconf 90' lang='lat'><em>11</em></span> <span class='ocrx_word' id='word_1_313' title='bbox 497 3086 678 3118; x_wconf 85' lang='lat' dir='ltr'><em>retourna</em></span> <span class='ocrx_word' id='word_1_314' title='bbox 696 3091 745 3115; x_wconf 91' lang='lat' dir='ltr'><em>en</em></span> <span class='ocrx_word' id='word_1_315' title='bbox 761 3079 950 3125; x_wconf 86' lang='lat' dir='ltr'><em>Hongrie,</em></span> <span class='ocrx_word' id='word_1_316' title='bbox 970 3080 1080 3126; x_wconf 73' lang='lat' dir='ltr'><em>apres</em></span> <span class='ocrx_word' id='word_1_317' title='bbox 1098 3079 1205 3115; x_wconf 88' lang='lat' dir='ltr'><em>avoir</em></span> <span class='ocrx_word' id='word_1_318' title='bbox 1223 3080 1302 3127; x_wconf 90' lang='lat' dir='ltr'><em>pris</em></span> <span class='ocrx_word' id='word_1_319' title='bbox 1325 3081 1362 3116; x_wconf 92' lang='grc'><em>16</em></span> <span class='ocrx_word' id='word_1_320' title='bbox 1378 3081 1498 3127; x_wconf 85' lang='lat' dir='ltr'><em>grade</em></span> <span class='ocrx_word' id='word_1_321' title='bbox 1511 3081 1560 3117; x_wconf 90' lang='lat' dir='ltr'><em>de</em></span> <span class='ocrx_word' id='word_1_322' title='bbox 1574 3082 1747 3118; x_wconf 88' lang='lat' dir='ltr'><em>Docteur</em></span> <span class='ocrx_word' id='word_1_323' title='bbox 1757 3094 1806 3119; x_wconf 89' lang='lat' dir='ltr'><em>en</em></span> <span class='ocrx_word' id='word_1_324' title='bbox 1824 3083 1930 3119; x_wconf 70' lang='lat' dir='ltr'><em>theo-</em></span> 
     </span>
    </p>
   </div>
   <div class='ocr_carea' id='block_1_12' title="bbox 2082 0 2196 109">
    <p class='ocr_par' dir='ltr' id='par_1_20' title="bbox 2082 0 2196 109">
     <span class='ocr_line' id='line_1_37' title="bbox 2082 0 2196 109; baseline 0 3413"><span class='ocrx_word' id='word_1_325' title='bbox 2082 0 2196 109; x_wconf 95' lang='lat' dir='ltr'><em> </em></span> 
     </span>
    </p>
   </div>
  </div>
 </body>
</html>
