2196 3522
309 285 380 323 472
852 275 991 311 Emsr.
1017 273 1061 308 P.
1089 270 1359 319 Numan—339

400 378 643 434 Inscriptio
664 377 716 420 in
738 379 904 432 quarta
917 375 1117 432 pagina:
1132 373 1162 432 †
1180 374 1285 418 Allo
1302 374 1440 419 molto
1456 375 1565 419 Rdo.
1585 374 1632 418 in
1650 373 1833 419 Christo
1850 375 1942 418 Pa-
1990 428 1998 438 ¹

308 455 391 498 dre
412 454 444 498 il
467 456 519 497 P.
546 455 608 498 M.
636 452 901 499 Hieronimo
923 451 1084 505 Nadal‚
1109 449 1419 495 commissario
1441 452 1652 508 generale
1667 451 1784 495 della
1800 451 1938 495 Com-

310 530 476 587 pagnia
498 528 585 588 [de]
607 532 749 583 IeSUS‚
774 536 882 582 etc.,
907 528 954 572 in
976 530 1187 585 Augosta
1207 542 1234 571 o
1255 527 1455 584 Dilinga.
1486 529 1594 571 Alia
1622 542 1780 572 manu:
1807 528 1932 583 1563.

308 610 511 652 Treuere
535 609 585 651 P.
614 607 748 651 Ant.⁰
772 606 903 658 Vinc,
928 618 957 660 4
978 604 1024 648 di
1045 605 1180 648 X,bre
1201 604 1359 662 Sigilli
1379 605 1638 662 vestigium.

1060 769 1186 811 339
1243 819 1248 823 ,

852 861 901 896 Ρ.
932 858 1206 916 ANTONIUS
1232 858 1398 895 VINCK

570 945 816 989 PATRI
864 944 1359 988 HIERONYMO
1407 926 1685 987 NADAL

777 1046 982 1084 memus,
1009 1048 1031 1083 4
1057 1045 1296 1074 DECEMBms
1325 1036 1415 1082 1563
1445 1039 1473 1073 ¹.

428 1122 484 1158 De
503 1123 677 1168 quodam
695 1122 952 1163 adolescente,
972 1121 1042 1166 qui
1059 1121 1104 1156 in
1121 1119 1361 1157 Societatem
1379 1121 1560 1167 cooptari
1579 1120 1825 1167 postulabat.

1116 1203 1145 1261 †

404 1302 500 1345 Pax
518 1299 686 1344 Christi
703 1307 790 1344 etc.
812 1301 953 1344 Molto
970 1301 1082 1344 Rdo.
1104 1299 1151 1343 in
1169 1299 1350 1344 Christo
1370 1300 1531 1343 Padre.
1553 1301 1729 1356 Questa
1746 1301 1847 1343 sara
1863 1313 1942 1356 per

309 1379 393 1421 dar
415 1377 541 1421 auiso
563 1378 648 1421 alla
670 1379 724 1421 R.
753 1379 804 1420 P.
832 1379 889 1421 V.
916 1391 1043 1422 come
1065 1377 1170 1433 quel
1186 1377 1355 1433 jouane
1383 1376 1607 1433 Phylippo
1634 1375 1940 1421 Wormatien-

298 1463 379 1509 se,
403 1456 446 1498 lo
469 1455 602 1510 quale
624 1455 682 1498 V.
708 1456 762 1498 R.
796 1456 846 1498 P.
875 1454 1094 1499 riceuette
1122 1454 1170 1497 in
1197 1460 1357 1510 questo
1384 1453 1577 1510 collegio
1604 1452 1758 1497 auanti
1788 1455 1871 1497 che
1898 1453 1943 1496 di

312 1532 392 1588 qui
414 1532 451 1575 si
474 1538 690 1587 partesse,
715 1531 753 1574 si
774 1531 938 1574 habbia
960 1546 1135 1588 sempre
1157 1537 1333 1587 portato
1351 1530 1490 1573 molto
1508 1531 1641 1583 bene,
1661 1536 1707 1574 et
1724 1530 1836 1574 fatto
1852 1543 1944 1572 non

315 1608 540 1653 mediocre
564 1608 719 1660 frutto,
747 1615 871 1651 tanto
894 1608 1011 1652 nelle
1033 1608 1206 1660 lettere,
1227 1621 1354 1650 come
1375 1607 1494 1651 nello
1515 1606 1688 1662 spirito,
1713 1613 1759 1650 et
1781 1607 1806 1650 ὁ
1827 1613 1945 1650 stato

314 1694 361 1729 et
383 1693 453 1729 sta
474 1686 613 1729 molto
637 1685 778 1729 fermo
799 1686 918 1728 nella
942 1684 1192 1738 vocatione3
1222 1699 1308 1741 pur
1335 1698 1427 1728 non
1454 1685 1513 1727 ha
1540 1685 1714 1726 hauuto
1743 1682 1831 1727 mai
1858 1683 1945 1726 let-

315 1771 410 1807 tere
432 1762 478 1805 ni
501 1763 614 1805 altro
635 1776 780 1818 segno
802 1763 985 1806 efficace
1006 1762 1123 1806 della
1145 1762 1331 1804 volunta
1352 1768 1398 1804 et
1418 1774 1641 1821 consenso
1658 1761 1775 1803 della
1791 1761 1944 1804 madre

312 1854 413 1894 sua,
439 1846 485 1883 et
507 1838 584 1895 pisi
605 1839 726 1882 volte
748 1839 922 1892 lettere,
943 1839 1060 1883 nelle
1082 1839 1096 1859 ²
1121 1839 1253 1894 quale
1274 1844 1534 1881 monstraua
1555 1850 1706 1882 essere
1728 1837 1817 1880 mal
1832 1851 1942 1880 con·

316 1902 442 1959 tenta
469 1916 618 1969 desso,
651 1930 730 1971 per
760 1930 883 1958 esser
919 1915 1085 1959 intrato
1122 1915 1239 1959 nella
1276 1914 1574 1971 Compagnia;
1598 1902 1659 1958 'et
1691 1914 1850 1957 adesso
1886 1915 1944 1956 ha

314 1994 529 2036 mandata
556 1993 715 2036 lettere
744 2006 835 2034 non
863 1993 1110 2036 solamente
1140 1993 1182 2035 al
1209 1991 1397 2048 figliolo,
1428 2006 1501 2035 ma
1528 1992 1571 2035 al
1607 1998 1796 2044 rettore,
1826 1990 1945 2034 nelle

315 2070 452 2125 quale
474 2069 511 2112 si
533 2070 729 2112 lamenta
767 2070 838 2112 del
867 2068 1127 2121 medesimo‚
1159 2075 1204 2112 et
1232 2083 1336 2111 cum
1373 2068 1576 2111 instanza
1607 2068 1830 2111 domanda
1861 2067 1946 2110 che

319 2146 439 2190 torni
461 2153 507 2191 et
529 2160 678 2203 venga
699 2147 757 2188 da
778 2145 850 2199 lei;
878 2153 923 2190 et
944 2147 1125 2202 quando
1147 2146 1296 2202 quello
1318 2160 1409 2189 non
1437 2146 1624 2197 fecesse,
1656 2145 1790 2188 vuole
1819 2146 1833 2165 ³
1862 2144 1944 2187 do-

318 2224 552 2267 mandarlo
575 2237 654 2279 per
675 2222 748 2265 via
769 2223 825 2266 de
847 2223 1018 2266 iustitia
1039 2237 1222 2279 apresso
1245 2223 1333 2266 allo
1357 2224 1485 2266 Rmo.
1513 2229 1790 2274 treuerense,
1814 2220 1845 2263 il
1861 2221 1945 2264 che

317 2301 431 2345 altra
457 2301 581 2343 volta
608 2302 804 2343 anchora
834 2301 875 2343 al
904 2299 1030 2356 figlio
1058 2301 1116 2343 ha
1152 2299 1408 2356 significato
1444 2299 1489 2342 di
1526 2299 1653 2342 voler
1688 2297 1945 2342 lamentarsi

318 2391 503 2433 apresso
525 2377 556 2419 il
578 2379 727 2430 Rmo.;
754 2392 825 2419 ma
847 2377 1006 2420 adesso
1028 2390 1135 2433 pare
1155 2379 1239 2420 che
1260 2376 1424 2420 habbia
1453 2377 1593 2420 ferma
1619 2374 1869 2419 intentione
1900 2381 1946 2418 et

317 2454 677 2511 apprehensione
705 2453 750 2497 di
778 2455 927 2509 quello
954 2454 1000 2497 di
1039 2455 1149 2497 farlo
1185 2460 1355 2509 quanto
1392 2461 1571 2510 potemo
1607 2452 1820 2496 iudicare.
1859 2453 1946 2495 Per

320 2538 450 2574 tanto
473 2530 511 2574 si
533 2532 558 2574 e
581 2545 728 2587 parso‚
754 2531 1029 2575 attendendo
1057 2532 1142 2574 che
1170 2540 1263 2574 non
1293 2537 1474 2586 potemo
1502 2536 1751 2572 monstrare
1779 2543 1837 2572 ne
1863 2542 1945 2572 an-

317 2609 460 2651 chora
481 2607 527 2649 in
550 2607 694 2652 verita
715 2606 811 2651 dire
833 2621 961 2651 come
976 2607 1041 2651 sia
1058 2614 1175 2650 stato
1192 2607 1223 2648 il
1239 2607 1364 2650 detto
1383 2605 1604 2662 phylippo
1621 2605 1826 2650 riceuuto
1841 2618 1946 2648 cum

320 2685 507 2727 volunta
534 2684 650 2728 della
678 2684 831 2728 madre
860 2685 1048 2741 (benche
1079 2685 1167 2727 ben
1206 2683 1418 2726 hebbimo
1455 2682 1619 2739 signali
1655 2696 1735 2738 per
1765 2681 1796 2724 li
1824 2680 1947 2741 quali

320 2775 589 2817 sperauamo
611 2760 728 2804 saria
749 2768 977 2813 contenta,
1003 2775 1131 2804 come
1161 2760 1192 2803 il
1219 2759 1390 2803 sororio
1416 2760 1490 2804 del
1523 2758 1744 2816 Phylippo
1771 2758 1946 2813 diceua)

395 2903 405 2923 ¹
455 2902 514 2937 Ex
531 2902 784 2947 autographo,
803 2900 842 2936 in
864 2900 958 2936 Cod.
979 2911 1029 2946 29
1047 2901 1099 2947 c),
1120 2901 1234 2936 unico
1251 2900 1322 2936 fol.
1346 2909 1416 2936 210
1434 2899 1552 2945 (332).
1576 2900 1692 2935 Plura
1706 2896 1950 2934 emendanda

320 2959 361 2995 in
378 2960 450 2995 hac
468 2960 633 3007 epistola
650 2959 908 3006 reperiuntur,
927 2972 1090 3007 quorum
1108 2960 1313 3007 praecipua
1331 2966 1526 2996 notamus.

392 3021 405 3040 2
457 3020 646 3065 Autogr.,
664 3019 787 3060 nella,
807 3019 869 3055 hic
888 3025 927 3055 et
950 3019 1063 3055 infra.

393 3078 407 3098 ³
457 3078 648 3124 Autogr.,
672 3078 804 3114 vuolo.
