2196 3522
318 251 365 287 86
885 253 928 288 P.
957 252 1147 288 NArAms
1172 252 1394 288 EPHEMER.

412 353 541 397 Haec
563 367 703 408 quum
726 353 1004 400 audiuissem
1028 369 1085 398 ex
1109 353 1338 406 Patribus,
1364 352 1458 396 dixi
1478 367 1504 397 e
1527 352 1725 410 uestigio
1752 359 1803 396 vt
1829 366 1962 398 sece-

317 430 492 482 derent,
505 445 574 483 ea,
587 445 703 485 quae
721 445 777 475 ex
793 430 935 474 literis
947 438 993 475 et
1010 445 1067 474 ex
1084 430 1312 474 Rodorico
1320 429 1621 484 audiuissent,
1652 429 1660 489 Ι
1686 429 1955 475 scriberent,

318 507 426 549 Erat
447 506 494 549 in
514 506 705 563 epistola
726 508 784 551 ad
805 508 942 551 finem
979 507 1223 562 adiectum,
1245 514 1391 550 totum
1414 514 1565 552 tamen
1593 507 1841 565 negocium
1864 509 1957 552 Pa—

319 591 431 627 trem
454 585 715 641 generalem
739 585 968 629 remittere
988 585 1046 628 ad
1067 599 1219 628 meum
1242 583 1494 628 arbitrium.
1834 578 1837 582 ’

406 661 623 705 Grauiter
645 669 714 707 est
736 669 896 719 postea
917 669 1195 718 conquestus
1216 662 1338 719 apud
1365 676 1438 705 me
1466 662 1734 715 Rodoricus,
1763 661 1838 706 cui
1866 677 1959 720 ego

318 745 579 784 constanter
602 739 829 796 respondi,
850 754 989 796 quum
1008 746 1161 784 tamen
1178 738 1480 796 patrocinium
1497 739 1786 796 profiteretur
1806 739 1957 783 Arao-

318 815 393 872 zij,
424 823 470 859 et
497 816 691 862 diceret:
727 831 801 861 «es
830 817 891 860 mi
919 817 1088 874 amigo,
1123 818 1316 870 Padre»,
1347 823 1436 860 etc.
1475 816 1600 861 Nihil
1636 815 1851 874 (inquam)
1889 823 1963 861 est

319 894 442 949 quod
463 901 675 939 vereatur
701 894 891 951 grauius
919 895 1149 951 agendum
1178 908 1283 937 cum
1313 893 1525 938 Araozio:
1557 893 1755 951 primum
1782 893 1962 939 nescire

318 985 391 1014 me
413 971 522 1027 quid
542 961 826 1027 sequeretur:
854 974 990 1015 Pater
1011 971 1254 1029 generalis,
1280 971 1357 1014 vbi
1378 971 1442 1015 ita
1464 970 1701 1024 scriberet,
1726 972 1851 1014 haud
1871 972 1959 1014 du-

318 1047 392 1093 bie
412 1048 539 1091 illum
567 1049 676 1092 1⁷2
703 1063 871 1106 magna
899 1049 1051 1105 aliqua
1078 1065 1134 1094 ex
1162 1049 1389 1094 delatione
1410 1049 1512 1093 esse
1542 1055 1836 1102 commotum,
1867 1063 1960 1093 non

315 1125 520 1181 potuisse
536 1141 628 1169 non
635 1126 890 1183 prouidere,
904 1141 1022 1182 quae
1038 1126 1325 1181 videbantur3
1336 1133 1382 1170 et
1398 1134 1550 1171 tamen
1565 1125 1685 1169 illam
1697 1125 1961 1170 adhibuisse

318 1202 694 1256 moderationem,
719 1218 837 1259 quae
860 1203 967 1247 facit
986 1211 1037 1246 vt
1063 1203 1176 1246 nihil
1203 1203 1262 1247 sit
1290 1203 1480 1260 epistola
1507 1203 1768 1248 metuenda:
1799 1203 1857 1248 ad
1883 1217 1961 1248 me

317 1295 414 1325 rem
437 1287 578 1324 totam
599 1296 701 1325 esse
723 1281 1026 1335 commissam,
1051 1296 1201 1337 neque
1222 1297 1295 1326 me
1323 1281 1518 1338 amplius
1545 1282 1790 1334 facturum,
1821 1292 1958 1337 quam

317 1358 406 1403 iam
430 1358 583 1402 multis
605 1366 712 1404 ante
732 1358 895 1404 diebus
916 1358 1133 1412 dixeram,
1158 1366 1208 1402 vt
1224 1359 1415 1416 eligeret
1432 1374 1491 1403 an
1507 1357 1844 1403 commissarius
1859 1358 1961 1403 vel*-

317 1437 380 1480 let
401 1451 516 1490 esse,
535 1451 594 1480 an
611 1435 903 1493 prouincialis
929 1437 940 1458 ¹
964 1436 1227 1481 alterutrius
1248 1437 1490 1481 Castellae.

408 1513 659 1570 Respondit
680 1513 931 1557 Rodericus
953 1528 1002 1557 se
1023 1513 1280 1571 intelljgere
1309 1513 1418 1570 quid
1445 1513 1698 1557 moliamur:
1730 1528 1831 1559 esse
1858 1515 1962 1558 offi-

317 1591 438 1634 cium
461 1591 753 1647 commissarij
778 1591 1218 1653 extralordinarium‚
1247 1606 1299 1635 ac
1321 1591 1518 1648 positum
1541 1591 1589 1634 in
1606 1591 1791 1635 arbitrio
1814 1605 1961 1648 gene-

316 1668 438 1712 ralis:
463 1675 567 1725 post
593 1670 730 1725 paulo
758 1671 1071 1728 abrogandum
1099 1684 1199 1713 esse
1236 1668 1435 1712 officium
1472 1668 1586 1712 illud
1621 1668 1834 1713 Araozio:
1856 1670 1961 1726 (hoc

317 1760 407 1802 ego
428 1746 562 1802 plane
583 1761 684 1790 sum
706 1747 955 1791 demiratus
975 1748 1096 1791 vnde
1123 1746 1426 1804 intellexerit).
1458 1745 1672 1791 Subdidit
1698 1753 1750 1789 vt
1775 1761 1865 1803 ego
1891 1746 1956 1789 illi

317 1822 552 1879 pollicerer
572 1838 665 1867 non
687 1825 957 1881 abrogatum
979 1824 1047 1867 iri.
1074 1824 1196 1868 Dixi:
1218 1825 1367 1880 quoad
1384 1838 1473 1881 ego
1488 1837 1684 1880 possem.
1705 1824 1826 1867 Inter
1841 1825 1956 1870 haec

316 1899 428 1943 nihil
449 1915 602 1946 comes
623 1902 656 1943 ².

405 1978 618 2034 Comperi
639 1978 710 2022 his
731 1978 1004 2032 actionibus,
1024 1986 1071 2022 et
1087 1985 1267 2022 nostros
1284 1978 1469 2022 omnino
1486 1979 1643 2024 fauere
1665 1978 1878 2031 Araozio,
1909 1986 1957 2022 et

314 2054 527 2098 comitem
549 2054 670 2099 illius
692 2055 1055 2100 beneuolentiam
1079 2057 1195 2100 velle
1223 2070 1514 2110 conseruare;
1547 2055 1820 2099 Rodericum
1847 2069 1958 2099 vero

314 2131 427 2175 nihil
448 2147 540 2175 non
562 2138 769 2176 acturum
801 2147 883 2189 pro
910 2132 1003 2176 illo.
1036 2135 1136 2190 Ego
1163 2133 1320 2190 igitur,
1353 2147 1494 2189 quum
1521 2133 1647 2176 solus
1673 2146 1838 2185 essem,
1868 2147 1956 2189 pu—

315 2215 511 2265 gnarent
541 2209 646 2252 1⁷3
675 2210 896 2254 aduersus
924 2225 997 2254 me
1024 2210 1190 2263 omnia,
1221 2210 1346 2254 volui
1383 2217 1539 2254 tenere
1576 2208 1956 2262 mediocritatem,

314 2300 400 2330 nec
422 2286 647 2342 conijcere
669 2286 716 2328 in
743 2301 961 2343 magnum
990 2287 1172 2343 aliquod
1199 2286 1522 2332 detrimentum
1551 2285 1842 2340 Societatem,
1874 2288 1957 2330 sed

316 2369 416 2406 tuta
436 2363 565 2419 sequi
587 2362 793 2417 consilia,
817 2371 879 2417 et,
905 2364 943 2408 si
965 2364 1074 2420 quid
1097 2364 1246 2408 acrius
1268 2371 1389 2410 esset
1410 2365 1657 2421 agendum,
1682 2379 1732 2408 re
1752 2363 1952 2421 integra,

315 2440 466 2497 quoad
487 2440 586 2484 eius
607 2439 704 2484 fieri
726 2441 888 2497 potuit,
914 2441 1117 2498 generali
1138 2441 1395 2498 praeposito
1410 2455 1661 2486 reseruare.
1683 2440 1846 2485 Abieci
1861 2441 1953 2498 igi—

315 2524 390 2560 tur
404 2531 586 2562 ornnem
603 2524 816 2561 conatum
832 2520 906 2563 vel
937 2519 1290 2564 contentionem.
1312 2518 1507 2563 Exercui
1534 2534 1680 2563 meam
1710 2515 1951 2578 visiltatio—

314 2609 437 2649 nem,
462 2593 599 2638 habui
628 2607 680 2648 14
696 2594 1047 2640 exhortationes.
1070 2597 1128 2638 Et
1143 2595 1331 2649 interea,
1351 2597 1461 2639 dum
1481 2596 1686 2651 veniunt,
1706 2611 1824 2652 quos
1840 2610 1952 2642 euo—

315 2685 543 2724 eaueram,
582 2671 765 2716 visitaui
801 2672 994 2730 collegia
1021 2673 1154 2730 regni
1181 2672 1455 2730 neapolitani
1483 2675 1522 2728 ³,
1553 2674 1634 2718 sed
1662 2688 1799 2730 quam
1825 2673 1954 2730 potui

314 2747 599 2801 breuissime,
623 2748 688 2792 ita
709 2748 829 2796 enim
850 2751 1076 2806 Vrgebant
1097 2757 1305 2807 satrapae
1327 2766 1408 2807 per
1429 2751 1677 2795 Araozium
1699 2751 1731 2794 ⁴.

391 2833 402 2853 ¹
454 2832 528 2867 Ms.
537 2860 546 2878 ,
555 2832 812 2879 prouinciae.

385 2893 399 2913 ²
451 2891 711 2938 SAccnmus,
729 2892 803 2926 loc.
823 2891 916 2938 cit.‚
935 2904 1001 2927 nn.
1021 2893 1082 2939 46,
1101 2901 1161 2938 47.

385 2951 399 2972 ³
449 2951 602 2986 Ludere
633 2950 789 2986 videtur
820 2951 970 2987 Natalis
1000 2952 1072 2987 hoc
1103 2954 1247 2997 verbo,
1278 2965 1355 3000 quo
1386 2953 1609 2999 significare
1638 2951 1763 2988 voluit
1792 2951 1954 2987 Novam

318 3009 554 3046 castellam.

387 3071 402 3091 ⁴
452 3069 712 3116 SACCfflNUS,
731 3071 804 3105 loc.
825 3070 909 3116 cit.‚
928 3083 970 3105 n.
994 3070 1058 3115 48.
