2196 3522
984 344 1072 389 1561
1801 353 1847 390 77

206 460 346 491 neum
366 445 714 503 grammaticum
738 452 878 502 posse
894 446 1060 490 docere
1080 459 1186 489 cum
1210 445 1362 488 fructu
1384 445 1432 488 in
1452 456 1524 499 4.ss
1549 445 1712 499 classe,
1732 460 1851 502 quae

210 531 332 568 esset
346 522 638 580 amplissima.

300 643 420 686 149
474 684 477 686 ,
826 654 1038 695 EUORAE,
1074 654 1224 684 pmuo

303 757 500 799 Euoram
524 754 646 798 volui
669 754 823 798 venire
845 761 1087 810 antequam
1110 753 1424 810 Vlysiponam;
1443 769 1566 798 eram
1583 754 1704 799 enim
1721 762 1854 798 actu-

213 848 293 877 rus
319 834 329 854 ¹
359 833 418 877 de
438 832 623 876 statutis
651 830 962 875 vniuersitatis
991 830 1115 874 illius
1142 844 1247 873 cum
1277 830 1496 874 cardinali
1526 831 1715 885 infante;
1745 846 1856 888 pro-

217 918 373 966 pterea
394 908 653 953 existimaui
682 908 988 954 necessarium
1018 916 1069 951 vt
1095 907 1298 952 viderem
1330 907 1457 964 prius
1487 922 1579 964 quo
1599 899 1700 952 loco
1727 916 1858 954 erant

216 1002 289 1032 res
309 987 430 1031 illius
458 986 658 1043 collegij.
1805 1034 1810 1038 .

306 1066 372 1108 Eo
400 1063 593 1109 euocaui
633 1065 686 1107 P.
727 1062 984 1118 Goncalum
1023 1061 1234 1114 Vazium,
1266 1076 1403 1118 quem
1436 1076 1576 1118 quum
1607 1062 1855 1119 cogitarem

215 1140 456 1199 designare
478 1139 819 1198 prouincialem,
839 1139 1048 1183 volebam
1066 1137 1166 1183 eius
1188 1152 1337 1182 mores
1354 1146 1401 1183 et
1423 1139 1660 1196 ingenium
1688 1139 1697 1198 Ι
1724 1148 1769 1185 et
1786 1140 1857 1183 in—

220 1218 442 1262 dustriam
468 1218 541 1261 vel
568 1217 645 1260 illo
674 1223 876 1272 tempore
904 1215 1116 1272 experiri;
1148 1215 1237 1258 iam
1266 1215 1462 1272 primum
1490 1215 1611 1261 enim
1642 1216 1718 1260 vbi
1754 1218 1860 1260 veni

222 1296 269 1338 in
290 1297 305 1317 ²
331 1293 676 1352 Portugalliam,
706 1292 965 1338 existimaui
986 1292 1246 1338 necessario
1282 1307 1383 1337 esse
1419 1293 1666 1337 creandum
1687 1309 1859 1338 nouum

222 1371 563 1430 prouincialem,
588 1377 828 1427 propterea
855 1371 979 1426 quod
1005 1371 1065 1414 D.
1097 1371 1265 1414 Torres
1293 1385 1384 1414 non
1413 1377 1593 1427 poterat
1619 1379 1864 1427 Vtrumque

222 1464 389 1493 munus
422 1448 555 1503 tueri,
589 1455 636 1492 et
666 1447 932 1492 confessarii
963 1448 1151 1506 reginae
1179 1455 1225 1493 et
1261 1448 1569 1505 prouincialis,
1600 1449 1865 1506 praesertim

222 1541 362 1583 quum
384 1524 432 1585 [?]
457 1525 642 1570 visitare
663 1539 756 1569 non
773 1532 927 1582 posset
943 1525 1243 1582 prouinciam,
1263 1539 1356 1569 non
1373 1525 1494 1571 enim
1511 1533 1689 1583 poterat
1705 1528 1867 1571 abesse

221 1620 248 1647 a
269 1604 445 1661 regina,
470 1610 559 1647 etc.

312 1680 557 1726 Intellectis
579 1695 697 1736 quae
723 1688 853 1724 erant
884 1679 1158 1736 inquirenda
1186 1682 1380 1733 Euorae,
1412 1680 1623 1725 venimus
1651 1681 1865 1738 Vlysipo-

224 1773 346 1811 nam,
371 1759 570 1801 adducto
593 1759 646 1802 P.
672 1759 844 1811 Leone,
865 1772 943 1813 qui
964 1765 1062 1801 erat
1079 1755 1528 1817 necessa[rius]150
1544 1758 1602 1801 ad
1618 1757 1864 1815 negocium

222 1834 297 1878 sui
318 1835 514 1892 collegij.
541 1834 735 1879 Valebat
756 1834 925 1890 alioqui
946 1834 1191 1891 plurimum
1213 1834 1483 1878 auctoritate
1504 1841 1552 1878 et
1572 1834 1721 1892 gratia
1745 1836 1867 1892 apud

227 1911 500 1956 cardinalem
523 1913 556 1955 ³.

314 2031 416 2075 151
585 2038 602 2053 ⁶
902 2044 1204 2075 VLYSIPONAE

315 2144 404 2188 Hic
425 2144 624 2199 visitaui,
649 2152 757 2198 etc,
781 2152 829 2188 et
850 2144 1078 2201 respondi,
1104 2151 1191 2190 etc.
1225 2146 1275 2188 In
1299 2145 1494 2202 collegio
1517 2145 1707 2202 impegit
1728 2145 1775 2188 in
1797 2146 1869 2189 di-

226 2221 390 2265 ficilem
417 2221 755 2278 persuasionem
782 2221 966 2277 quidam
1001 2223 1139 2266 frater
1166 2223 1351 2274 doctus,
1382 2236 1474 2266 non
1508 2236 1642 2279 posse
1675 2222 1869 2280 obligari

226 2298 501 2344 Societatem
517 2298 594 2342 illa
609 2299 770 2355 regula
785 2299 843 2342 de
858 2298 1084 2343 delatione
1101 2299 1290 2342 fratrum
1308 2300 1482 2354 absque
1497 2298 1707 2343 discursu
1724 2314 1869 2344 euan-

230 2375 391 2432 gelico.
416 2376 693 2419 Laboratum
715 2383 786 2419 est
805 2390 898 2419 non
919 2375 1222 2429 mediocriter3
1246 2390 1342 2419 non
1377 2376 1498 2421 enim
1515 2376 1578 2419 illi
1595 2384 1772 2432 poterat
1788 2391 1862 2420 ve·

234 2451 343 2495 ritas
369 2452 647 2508 persuaderj,
671 2459 719 2497 et
744 2466 800 2496 ex
822 2451 1157 2509 probatioribus
1184 2452 1346 2508 aliquis
1373 2452 1582 2497 dubitare
1609 2453 1868 2497 videbatur.

235 2529 633 2581 Tandem,auditis
650 2529 981 2583 Patribus,dixi
1008 2529 1015 2587 Ι
1043 2529 1106 2572 illi
1124 2528 1249 2572 fratri
1265 2543 1366 2574 esse
1383 2529 1674 2574 indicendum
1693 2530 1871 2586 grauis—

237 2604 348 2648 sime
370 2619 432 2648 ne
449 2605 691 2661 quicquam
712 2607 845 2662 plane
865 2621 920 2650 ea
940 2607 998 2651 de
1019 2621 1069 2650 re
1096 2620 1201 2649 cum
1229 2620 1427 2661 quocum
1455 2614 1630 2663 ageret,
1655 2605 1877 2650 scriberet

237 2683 294 2725 ad
317 2683 498 2724 Patrem
520 2683 796 2737 generalem,
829 2691 1092 2740 expectaret
1119 2694 1407 2740 responsum,·
1436 2691 1483 2727 et
1510 2683 1803 2740 polliceretur
1824 2697 1876 2725 se

236 2765 529 2814 accepturum
558 2757 706 2801 Patris
732 2759 1059 2804 definitionem.
1093 2761 1196 2804 Hoc
1223 2760 1262 2803 si
1290 2761 1446 2813 nollet,
1480 2775 1552 2804 me
1579 2761 1713 2803 domo
1744 2758 1873 2802 illum

234 2835 500 2879 eiecturum.
544 2835 723 2878 Profuit
756 2837 871 2881 haec
895 2837 1152 2900 sententia,
1183 2852 1269 2882 nec
1305 2837 1392 2880 fuit
1419 2852 1659 2882 necessum
1691 2838 1877 2881 Patrem

235 2913 489 2956 consulere.
516 2912 573 2954 Et
595 2918 762 2964 tamen,
787 2914 911 2968 quod
930 2915 1045 2958 haee
1071 2914 1306 2971 persuasio
1333 2914 1571 2959 dicebatur
1600 2913 1742 2957 fuisse
1764 2912 1879 2956 alio-

315 3038 326 3058 ¹
377 3036 422 3071 In
440 3047 515 3071 ms.
541 3039 708 3072 acturus
725 3036 909 3072 iteratum
927 3042 1005 3073 est.

314 3097 329 3117 ²
379 3095 425 3130 In
442 3106 518 3130 ms.
539 3097 636 3131 haec
654 3096 844 3143 particula
861 3097 1076 3132 cancellata
1095 3103 1174 3133 est.

318 3156 332 3175 ³
382 3155 466 3192 Fol.
489 3163 555 3200 150
573 3167 611 3190 v.
632 3155 684 3191 nil
704 3156 893 3202 scriptum
910 3156 1042 3192 habet.

393 3224 507 3254 Emsr.
530 3226 564 3256 P.
582 3226 718 3263 ΝΑοΛι,
739 3233 815 3255 ron.
834 3225 879 3254 11.
1687 3228 1705 3256 ἰ’
