2196 3522
881 235 1108 298 APPEme
1643 261 1646 265 ⁴
1736 238 1808 285 665

175 345 327 382 tamen
354 339 400 381 in
429 340 545 382 Deo.
577 339 837 392 Caeterum,
869 337 957 382 nisi
991 337 1247 382 emendatio
1279 339 1429 394 aliqua
1465 340 1634 384 decreti
1668 341 1808 385 huius

174 397 308 441 fuerit
331 404 592 451 consecuta,
623 397 857 443 discedere
880 397 1015 441 nobis
1042 404 1216 442 certum
1238 404 1322 442 est.
1354 399 1519 442 Rdum.
1547 401 1600 443 P.
1635 400 1805 444 Amol-

173 457 282 500 dum
304 457 443 500 habui
465 457 512 500 in
540 457 758 501 comitatu
785 471 909 510 meo,
939 470 1073 512 quem
1095 458 1153 500 de
1180 458 1418 502 uoluntate
1449 458 1596 502 Patris
1618 459 1806 504 rectoris

173 516 310 559 michi
332 517 642 570 adiunxeram,
669 523 719 560 ut
739 523 861 561 esset
881 515 956 559 hic
978 516 1113 559 michi
1135 531 1162 559 a
1178 516 1317 560 sacris
1335 517 1567 561 faciendis.
1593 519 1636 561 Is
1652 526 1804 563 autem

172 582 219 619 et
240 575 314 631 pie
336 583 381 620 et
407 575 619 632 religiose
646 590 695 619 se
722 575 885 633 gessit,
916 582 968 618 ut
993 575 1129 618 michi
1160 590 1255 619 non
1282 576 1480 631 potuerit
1509 578 1596 620 hoc
1623 578 1804 623 nomine

172 635 305 678 ualde
326 637 490 678 charus
511 650 603 678 non
625 650 740 679 esse.
765 634 1001 679 Maluisset
1021 641 1174 678 autem
1201 634 1249 678 in
1276 635 1448 678 Italiam
1476 636 1626 692 potius
1648 652 1803 682 reuer—

171 694 221 746 ti,
246 708 381 761 quam
404 694 528 739 abire
554 694 601 737 in
622 693 895 747 Flandriam‚
919 693 1094 746 multis,
1121 700 1178 736 ut
1204 693 1300 750 ipse
1328 694 1463 738 michi
1495 696 1716 748 narrauit,
1746 698 1804 740 de

169 753 335 806 causis;
361 754 441 796 sed
461 753 674 820 quoniam
695 755 808 798 haec
829 759 899 796 est
920 752 1202 808 superiorum
1230 753 1328 797 eius
1350 755 1585 807 uoluntas,
1611 762 1662 798 ut
1683 770 1732 799 se
1756 756 1803 799 in

172 812 410 868 Belgicum
439 813 648 869 recipiat,
675 812 809 856 faciet
830 826 921 855 non
943 811 1167 869 grauatim
1190 813 1311 867 quod
1339 814 1595 856 mandatur.
1627 815 1803 859 Interea

170 873 223 915 P.
245 873 392 916 V‚trae
419 871 551 915 simul
569 880 615 915 et
631 874 761 915 Rmo.
782 871 967 914 domino
983 870 1152 914 vicario
1168 870 1293 914 illum
1311 871 1552 928 diligenter
1569 887 1801 918 commen-

169 931 244 983 do,
270 938 406 986 atque
429 938 479 973 ut
501 946 605 975 eum
626 930 942 975 beneuolentia
963 944 1046 973 sua
1067 938 1346 987 paternaque
1362 931 1678 977 benedictione
1695 948 1801 988 pro—

168 990 297 1046 sequi
320 989 477 1043 uelint,
503 1005 682 1045 quaeso.
709 990 1072 1046 Quod0preterea
1094 989 1304 1043 scribam,
1330 992 1416 1034 hoc
1439 998 1642 1047 tempore
1663 991 1804 1043 nichil

168 1058 252 1093 est.
280 1050 403 1105 Opto
423 1051 475 1092 P.
497 1051 658 1093 V,tram
675 1049 754 1092 diu
771 1063 871 1094 esse
886 1049 1158 1092 incolumem
1176 1056 1222 1093 et
1240 1049 1459 1102 foelicem,
1481 1051 1611 1094 cuius
1627 1066 1699 1096 me
1716 1051 1802 1108 piis

170 1108 382 1164 precibus
399 1115 445 1152 et
461 1108 691 1152 sacrificiis
707 1109 991 1152 commendo.
1011 1109 1180 1152 Datum
1199 1108 1502 1162 Petricouiae‚
1528 1110 1601 1154 die
1617 1125 1645 1152 v
1662 1110 1799 1167 Apri-

167 1167 222 1210 lis
244 1182 364 1211 anno
385 1167 567 1211 Domini
590 1181 847 1212 M.D.1..x.v.

255 1228 362 1269 Alia
382 1242 540 1270 manu:
562 1226 651 1271 Vbi
674 1227 776 1283 plus
797 1226 876 1270 otii
898 1241 924 1269 a
945 1225 1138 1283 publicis
1153 1227 1526 1283 occupationibus
1546 1229 1672 1272 fuero
1689 1243 1793 1272 con-

165 1293 403 1341 sequutus,
428 1285 619 1330 scribam
642 1285 863 1342 pluribus.
889 1287 1024 1330 Nunc
1052 1286 1322 1330 breuitatem
1354 1288 1471 1330 hanc
1500 1287 1610 1331 boni
1631 1302 1799 1332 consu-

165 1345 275 1391 lant,
298 1347 351 1388 P.
393 1346 539 1389 V‚trae
554 1379 564 1399 ,
606 1353 652 1388 et
687 1359 769 1401 pro
805 1358 878 1388 me
914 1346 1063 1390 Deum
1102 1345 1303 1402 praecari
1345 1361 1436 1390 non
1479 1346 1794 1392 intermittant.

168 1406 220 1447 P.
248 1406 395 1448 V‚trae
424 1405 559 1448 frater
580 1404 627 1448 in
650 1404 848 1458 Christo,

569 1464 889 1515 STAN1SLAUS,
925 1477 1214 1508 CARDINALIS
1250 1478 1556 1508 VARMIENsls.

252 1523 496 1578 Inscripilo
517 1523 567 1565 in
585 1526 751 1579 quarta
767 1524 965 1580 pagina:
981 1524 1095 1566 Rdo.
1119 1522 1258 1575 Patri,
1278 1523 1463 1567 domino
1479 1525 1654 1581 Jacobo
1676 1526 1686 1546 ¹
1708 1526 1791 1568 Po-

162 1582 312 1634 lanco,
356 1595 511 1626 sacrae
554 1582 809 1639 theologiae
849 1582 1023 1626 doctori
1063 1590 1109 1626 et
1145 1582 1387 1627 Societatis
1418 1585 1529 1640 Jesu
1573 1584 1796 1627 cancella-

162 1640 244 1694 rio,
270 1648 378 1693 etc.,
402 1640 449 1686 in
472 1641 940 1685 Christo.charissimo
962 1648 1008 1686 et
1030 1642 1314 1685 honorando.
1340 1643 1448 1685 Alia
1470 1657 1629 1685 manu:
1657 1644 1787 1698 1565.

163 1699 462 1745 Petricouiae.
490 1700 741 1745 Cardinalis
761 1700 1043 1746 varmiensis.
1070 1702 1112 1744 V
1135 1701 1320 1757 Aprilis.
1353 1701 1511 1759 Sigilli
1531 1703 1792 1759 vestigium.

902 1850 1050 1894 XLIX

728 1942 941 1980 URSULA
967 1942 1223 1979 FUGGERA

622 2035 805 2066 SANCTo
837 2034 1101 2066 FRANCISco
1127 2034 1338 2065 BORGIAE

561 2111 820 2167 Augustae,
867 2120 921 2165 25
966 2110 1139 2167 Aprilis
1182 2111 1296 2165 '1565
1342 2110 1378 2153 ¹.

162 2197 320 2234 Canisii
330 2198 511 2234 ‘absentia
525 2201 806 2234 commovetur.
820 2198 928 2234 Eum
940 2197 1187 2234 Germaniae
1201 2199 1363 2234 restitui
1366 2199 1563 2246 postulat:
1578 2199 1791 2240 maritum,

406 2245 532 2292 filios,
551 2248 675 2281 totam
681 2246 898 2293 familiam
914 2258 1032 2282 suam
1052 2247 1232 2294 Borgiae
1250 2247 1515 2282 commendat.

965 2323 995 2382 -ἰ,

251 2414 347 2455 Pax
363 2414 473 2470 Jesu
496 2411 665 2456 Christi
686 2412 937 2456 nobiscum.
958 2413 1219 2457 Admodum
1237 2413 1349 2457 Rde.
1371 2413 1417 2456 in
1434 2412 1616 2456 Christo
1635 2414 1785 2457 Pater.

249 2473 356 2515 Non
373 2471 499 2527 potui
521 2471 800 2516 committere
821 2471 986 2526 isthuc,
1011 2471 1205 2515 maxime
1234 2474 1370 2516 Patre
1398 2473 1512 2516 Rdo.
1549 2474 1670 2515 Dno.
1698 2474 1788 2516 Pe—

162 2530 423 2574 troCanisio
439 2529 768 2586 proficiscente,
789 2530 1152 2587 (cuiusequidem
1170 2538 1296 2574 tanta
1312 2531 1516 2575 absentia
1528 2546 1622 2574 non
1638 2538 1789 2587 potest

163 2604 255 2633 non
282 2597 328 2634 et
355 2605 426 2633 me
453 2604 669 2645 meosque
694 2596 741 2633 et
767 2597 1048 2646 augustanos
1076 2605 1233 2635 omnes
1262 2589 1464 2647 grauiter
1486 2591 1787 2647 commouere)

162 2648 272 2704 quin
290 2655 412 2691 tuam
431 2649 591 2692 Rdam.
609 2648 933 2693 Paternitatem
947 2648 1071 2703 mihi,
1083 2649 1189 2693 licet
1202 2663 1389 2706 corpore
1404 2649 1625 2706 ignotam,
1640 2649 1790 2693 animo

163 2721 274 2751 uero
295 2714 451 2751 notam
484 2707 692 2760 maxime,
717 2721 851 2763 quam
873 2714 919 2751 et
940 2716 1171 2764 parentem
1202 2708 1249 2751 in
1277 2709 1459 2752 Christo
1488 2722 1639 2751 meum
1662 2722 1789 2751 com-

163 2767 334 2823 plector
361 2766 579 2823 inprimis,
610 2766 767 2823 paucis
794 2767 1050 2820 salutarem,
1081 2781 1134 2811 ac
1162 2767 1299 2811 animi
1325 2767 1412 2811 mei
1439 2766 1788 2824 propensionem

234 2924 246 2944 ¹
296 2921 376 2966 Sic,
396 2932 464 2968 pro
473 2921 645 2968 Joanni.

231 2971 246 2991 ²
296 2970 354 3005 Ex
371 2970 596 3016 archetypo,
616 2969 656 3005 in
673 2968 808 3016 Epist.
831 2968 988 3010 Natal„
1014 2968 1066 3013 11,
1084 2968 1227 3017 duplici
1251 2968 1334 3011 fol„
1353 2980 1399 3015 99
1422 2972 1512 3014 (79).
1538 2968 1637 3005 Vide
1658 2979 1789 3015 supra,

163 3027 252 3064 pag.
272 3027 357 3063 490,
376 3021 506 3052 annot.
530 3024 562 3052 1.
