2196 3522
279 247 350 293 546
888 242 1026 276 prsr.
1053 240 1097 276 P.
1126 240 1276 276 NADAL

281 346 461 390 ordines
484 359 637 388 sacros
659 341 924 398 susceperit.
949 341 1222 397 Respondeo
1248 341 1479 398 negatiue.
1509 355 1579 398 23.
1612 342 1696 386 Fui
1726 343 1918 396 Romae,

281 407 488 457 Genuae,
504 403 806 460 Vlyssiponae
817 410 862 444 et
873 400 1205 456 Conimbricae:
1221 409 1472 457 occupatus
1487 402 1578 444 fui
1567 416 1614 444 1n
1631 402 1917 454 coenatione,

281 466 431 508 culina
453 470 539 507 etc.
567 470 612 506 et
634 462 680 504 in
703 461 864 505 studiis
886 459 1153 502 literarum..
1165 458 1317 518 ..[Sclz
1324 460 1338 518 ]
1368 473 1403 503 1.
1430 460 1547 504 Dedi
1574 475 1757 517 operam
1774 461 1923 504 literis

285 525 378 567 fere
393 538 471 579 per
487 521 697 566 vndecim
714 534 872 572 annos,
889 526 983 561 tum
998 518 1340 562 humanioribus
1358 519 1634 572 dialecticae,
1649 534 1701 563 ac
1714 520 1891 576 philoso

282 583 431 639 phiae,
464 589 559 624 tum
589 581 678 624 etia
684 596 724 622 :n
755 553 1014 635 theologiae
1036 592 1088 621 ac
1116 578 1258 623 literis
1290 579 1512 622 hebraeis,
1548 580 1727 635 Incoepi
1764 587 1918 624 autem

282 641 510 693 Schuazii,
531 640 696 684 deinde
714 637 994 704 lngolstadij,
1016 637 1238 690 Viennae,
1259 640 1446 692 Romae,
1466 639 1658 682 Genuae
1674 648 1719 681 et
1736 640 1916 705 tandem

283 701 356 744 hic
380 699 713 744 Conimbricae.
741 700 788 741 In
814 696 1039 754 prioribus
1062 697 1244 752 quidem
1268 698 1414 740 tribus
1436 673 1562 749 locis,
1584 704 1824 764 antequam
1845 697 1917 740 in—

284 774 471 817 gressus
502 773 647 803 essem
676 758 972 810 Societatem3
1004 756 1049 798 in
1078 757 1391 811 sequentibus,
1423 764 1660 824 postquam
1686 756 1927 813 ingressus

284 819 594 864 Societatem..
607 829 684 871 ..7
713 818 787 860 Ad
809 815 1169 859 licentiaturam'
1158 831 1204 858 1n
1221 815 1394 859 artibus
1410 816 1484 858 hic
1501 815 1784 860 examinatus
1800 829 1922 870 sum·

287 879 432 922 simne
456 892 565 921 uero
587 853 774 921 meritus
795 889 955 927 necne,
981 874 1157 931 ignoro.
1185 875 1233 932 [Ι,
1261 877 1363 930 562,
1390 875 1490 933 563]

382 950 419 981 1.
487 936 842 992 Clzrz'stoplzorus
865 935 1119 991 Zieglerus.
1139 947 1180 977 2.
1203 936 1277 978 Ad
1296 935 1460 989 minus,
1481 936 1632 987 credo,
1654 947 1725 978 20.
1748 947 1789 989 3.
1811 935 1926 979 Sum

286 996 469 1040 natione
486 1009 746 1052 germanus,
767 994 999 1050 provincia
1011 993 1425 1050 wurtenbergensis,
1441 994 1584 1051 patria
1601 992 1880 1050 Stutgardia.
1892 1027 1899 1035 .
1911 1026 1925 1035 .

293 1068 358 1099 12.
387 1056 505 1099 Cum
534 1054 764 1099 Ferrariae
791 1052 940 1096 medio
968 1068 1088 1095 anno
1116 1053 1359 1110 degissem,
1393 1055 1580 1097 Romam
1609 1053 1713 1096 veni
1741 1052 1926 1103 missus,

288 1122 333 1158 et
356 1130 382 1158 a
405 1117 458 1158 R.
494 1116 546 1157 P.
579 1115 779 1157 Polanco
806 1119 1016 1168 receptus
1045 1119 1090 1156 et
1118 1112 1402 1157 examinatus
1430 1113 1475 1155 in
1512 1114 1646 1156 domo
1684 1111 1932 1157 Societatis

287 1176 443 1218 Iesu...
483 1186 550 1227 14.
578 1174 651 1216 Ad
674 1173 863 1215 nullum.
898 1182 963 1225 15.
991 1171 1169 1216 Vienna
1191 1186 1421 1228 egressus,
1453 1174 1622 1216 Romae
1651 1171 1925 1216 Societatem

287 1233 594 1290 ingressurus,
630 1230 859 1275 Ferrariae
891 1230 1074 1274 relictus
1097 1245 1213 1285 sum;
1244 1231 1408 1276 deinde
1437 1233 1624 1275 Romam
1647 1230 1768 1284 veni3
1793 1229 1932 1272 istinc

289 1294 580 1348 Enepontum
602 1289 696 1350 [sic]
724 1291 969 1346 profectus.

390 1365 426 1394 1.
452 1353 606 1395 Vocor
631 1350 851 1393 Claudius
869 1350 1120 1392 Matlzaeus.
1143 1361 1180 1392 2.
1202 1349 1378 1406 Viginti
1396 1350 1596 1406 quinque
1613 1363 1756 1392 annos
1773 1354 1927 1391 natus.

295 1426 338 1466 3.
366 1410 562 1454 Natione
579 1408 995 1466 lothoringus[sic],
1021 1408 1227 1452 tullensis
1243 1409 1473 1454 diocesis..
1484 1420 1581 1452 ..12
1603 1409 1807 1465 Quartus
1836 1407 1934 1451 fere

292 1470 546 1514 absolvitur
567 1484 730 1521 annus,
755 1483 809 1511 ex
834 1482 925 1523 quo
947 1468 992 1510 in
1015 1464 1288 1512 Societatem
1313 1468 1377 1512 fui
1400 1444 1610 1524 receptus
1631 1484 1658 1512 a
1679 1469 1738 1511 R.
1766 1469 1818 1510 P.
1846 1480 1925 1523 ge-

293 1529 437 1575 nerali
461 1528 664 1572 Romae
653 1543 700 1570 1n
717 1529 852 1570 domo
872 1530 1075 1579 Patrum,
1095 1533 1141 1571 et
1157 1528 1440 1571 examinatus
1456 1543 1482 1571 a
1501 1526 1712 1571 Patribus
1732 1527 1936 1570 Polanco

293 1598 339 1634 et
363 1587 620 1632 Madridio..
631 1622 639 1631 .
674 1600 740 1641 14.
766 1588 869 1630 Non
899 1601 998 1629 sum
1031 1560 1088 1629 ad
1116 1586 1312 1642 aliquem
1341 1586 1697 1632 ecclesiasticum
1726 1585 1930 1628 ordinem

293 1655 544 1705 promotus.
581 1657 645 1702 15.
674 1646 791 1690 Fui
781 1661 827 1688 1n
849 1645 1041 1702 collegio
1063 1660 1249 1690 romano
1270 1654 1316 1690 et
1338 1645 1619 1690 turnonensi.
1651 1646 1717 1689 16.
1744 1643 1930 1688 Exerci—

295 1708 358 1751 tia
381 1706 632 1763 spiritualia
655 1705 740 1750 feci
763 1719 841 1761 per
869 1706 893 1748 8
923 1705 1019 1748 dies
1042 1711 1234 1749 tantum.
1261 1705 1751 1764 [Sclz.]1.Antequam
1775 1704 1933 1760 ingre-

294 1768 425 1811 derer
443 1765 736 1817 Societatem,
756 1766 812 1807 ab
829 1764 1016 1808 ineunte
1033 1770 1181 1808 aetate
1198 1766 1292 1810 fere
1314 1780 1491 1822 semper
1512 1764 1668 1808 studui
1684 1763 1825 1808 literis
1842 1764 1930 1806 hu·-

294 1824 621 1878 manioribus3
610 1839 657 1867 111
680 1824 908 1868 Societate
931 1839 1010 1880 per
1027 1836 1055 1877 4
1071 1838 1215 1867 annos
1237 1824 1595 1881 philosophiae..
1622 1825 1664 1867 6.
1691 1825 1861 1867 Romae
1883 1821 1933 1865 in

295 1884 492 1941 collegio
515 1883 755 1928 Societatis
776 1884 833 1925 ad
856 1884 1047 1939 gradum
1070 1883 1319 1939 magisterii
1342 1899 1368 1927 a
1393 1885 1451 1927 D.
1473 1884 1720 1927 Emanuele
1744 1881 1809 1924 fui
1826 1895 1931 1938 pro-

298 1951 463 1987 motus.
492 1942 543 2000 [I,
569 1954 670 2000 590,
698 1942 861 1999 593bis]

393 2015 429 2046 1.
498 2002 738 2044 Cornelius
780 2000 1045 2068 [Versclzot].
1093 2014 1135 2045 2.
1183 2000 1359 2058 Viginti
1397 2008 1515 2044 octo.
1565 2014 1606 2056 3.
1653 2001 1934 2053 Germanus,

297 2061 611 2115 brabantinus,
629 2060 1018 2104 buscoducensis..
1030 2074 1126 2104 ..12
1142 2062 1262 2105 Sunt
1278 2067 1451 2116 septem
1469 2059 1574 2103 anni
1589 2059 1744 2116 elapsi.
1767 2060 1816 2102 In
1834 2059 1932 2101 col,-

297 2121 420 2177 legio
442 2119 708 2173 coloniensi,
729 2119 775 2162 in
798 2120 1029 2175 provincia
1046 2119 1228 2164 Rheni.
1241 2132 1343 2174 .1.4
1368 2121 1496 2174 Sum,
1517 2133 1789 2176 quamquam
1814 2117 1933 2160 indi-

300 2194 438 2236 gnus,
463 2181 687 2222 sacerdos
733 2189 797 2233 15.
828 2180 876 2221 In
906 2180 1098 2236 collegio
1126 2178 1373 2222 coloniensi
1401 2186 1447 2223 et
1483 2176 1846 2235 moguntinensi,
1888 2183 1938 2221 et

300 2238 466 2282 modo'
456 2254 502 2281 1n
532 2235 803 2282 trevirensi..
858 2238 1078 2294 Magister
1111 2238 1274 2282 artium
1302 2253 1402 2281 sum
1433 2238 1650 2282 Coloniae
1680 2242 1933 2293 promotus.

300 2298 417 2342 Dedi
439 2304 485 2341 et
506 2299 592 2340 hoc
616 2272 898 2341 Buscoducis
919 2297 1060 2341 literis
1071 2333 1079 2346 ⁴.
1091 2298 1376 2348 solummodo
1407 2304 1454 2340 et
1480 2311 1663 2340 cursum
1692 2294 1898 2339 absolvi
1886 2310 1935 2337 m

301 2356 530 2403 Societate
547 2356 706 2412 quinto
723 2371 857 2399 anno.
879 2358 983 2400 Non
1000 2356 1152 2400 docui.
1164 2356 1493 2400 ..—Cornelius
1511 2357 1752 2408 Verschot,
1766 2356 1910 2397 busco
1924 2380 1935 2387 ·

299 2415 527 2460 ducensis.
555 2415 734 2473 [1,598]
762 2416 790 2458 ¹.

397 2488 433 2518 1.
500 2476 652 2518 Vocor
672 2475 946 2517 Desiderius
979 2474 1103 2532 [alias
1130 2474 1376 2532 Erasmus]
1410 2474 1679 2518 Gorderius.
1712 2485 1754 2516 2.
1786 2473 1939 2515 Natus

301 2548 401 2577 sum
419 2548 562 2578 annos
582 2535 651 2577 26.
675 2547 716 2588 3.
716 2533 929 2577 Natione
947 2535 1111 2590 gallus,
1127 2533 1357 2590 provincia
1372 2533 1648 2589 Companiae
1666 2531 1777 2600 [sic],
1791 2530 1938 2587 patria

301 2593 639 2649 lingonensis...
672 2605 739 2636 12.
766 2594 943 2637 Novem
967 2592 1073 2636 anni
1095 2600 1203 2636 sunt
1224 2607 1279 2636 ex
1302 2606 1393 2648 quo
1420 2607 1520 2636 sum
1542 2592 1590 2634 in
1612 2590 1840 2636 Societate
1862 2604 1934 2632 re

301 2659 462 2709 ceptus
484 2652 531 2694 in
554 2651 747 2708 collegio
768 2666 955 2695 romano
978 2659 1023 2696 et
1044 2651 1106 2694 ibi
1123 2651 1441 2695 examinatus..
1445 2663 1556 2705 1..4
1578 2652 1652 2702 Ad
1668 2651 1842 2693 nullum
1859 2663 1937 2691 or-

304 2711 456 2755 dinem
487 2710 843 2756 ecclesiasticum
873 2725 974 2753 sum
1012 2718 1259 2766 promotus.
1307 2721 1373 2766 15.
1414 2712 1464 2754 In
1500 2709 1693 2766 collegio
1729 2722 1935 2760 romano,

305 2771 601 2814 lauretano...
641 2777 688 2813 et
715 2769 912 2826 parisino
940 2770 1156 2813 habitavi.
1189 2771 1238 2812 In
1268 2769 1423 2820 multis
1455 2769 1553 2812 aliis
1587 2769 1723 2813 etiam
1755 2767 1820 2810 fui
1856 2767 1939 2810 sed

302 2844 478 2886 paucos
495 2829 594 2872 dies
615 2835 798 2885 propter
819 2827 1237 2888 a[e]gritudinem...
1270 2829 1336 2872 18.
1362 2830 1482 2873 Vota
1503 2827 1630 2872 emisi
1646 2827 1694 2870 in
1710 2827 1939 2872 Societate

376 2971 386 2991 ¹
438 2969 556 3005 Aliud
575 2974 636 3005 est
653 2981 818 3005 examen
836 2969 951 3015 hujus
973 2969 1154 3005 Cornelii
1170 2962 1229 3014 (ut
1247 2970 1419 3015 videtur)
1435 2969 1548 3014 ibid.,
1565 2970 1636 3005 fol.
1661 2978 1744 3015 594,
1764 2967 1937 3015 quinque

297 3016 412 3052 annis
430 3022 521 3053 ante
539 3018 612 3053 hoc
630 3017 816 3064 scriptum
828 3044 837 3062 ,
857 3028 911 3053 sc.
934 3028 1035 3053 anno
1057 3017 1161 3061 1562.
