2196 3522
360 313 425 349 142
904 298 1046 333 EPIST.
1078 296 1125 331 P.
1159 295 1431 340 NADAL--227

445 401 700 459 Negociose
723 414 808 443 con
836 399 947 442 ellos
969 398 1026 440 de
1047 398 1090 440 la
1114 396 1351 440 fundation
1371 412 1402 452 y
1429 410 1558 440 cosas
1580 377 1646 442 dex
1659 398 1939 456 Ingolstadio
1954 414 1985 456 y

357 479 619 526 Monachio:
644 479 838 533 despues
859 474 1060 518 hizieron
1088 488 1177 529 que
1201 473 1245 516 10
1273 472 1576 529 pusiessemos
1602 490 1660 520 en
1686 475 1902 532 escripto‚
1938 476 1982 520 10

356 574 444 616 que
464 557 652 600 hizimos
669 554 749 597 sub
765 552 1033 608 compendio,
1052 566 1081 607 y
1097 551 1206 593 ellos
1224 549 1551 606 respondieron
1566 567 1675 608 muy
1696 567 1754 597 en
1775 554 1978 610 general,

355 649 488 679 como
511 636 645 678 v'eera
666 633 723 676 V.
749 632 803 674 P.
829 644 917 673 con
945 629 988 672 la
1015 627 1143 684 copia
1169 628 1227 670 de
1252 642 1342 670 vna
1368 641 1475 670 cosa
1500 635 1649 684 yfotra
1671 644 1760 686 que
1780 634 1881 674 sera
1896 645 1983 674 con

354 719 465 756 esta.
518 712 656 753 Resta
701 710 837 752 hazer
883 704 1098 749 instantia
1140 719 1169 760 y
1208 703 1424 760 negociar
1458 705 1855 761 particularmente
1897 721 1984 751 con

356 791 485 832 M.tr0
511 785 694 831 Canisio
715 800 744 842 y
767 786 923 839 Lanoy
940 798 969 839 y
987 780 1286 833 Theodorico,
1306 796 1336 836 y
1359 785 1385 824 a
1407 785 1468 824 mi
1492 781 1530 824 si
1547 783 1715 827 bueluo
1737 797 1818 840 por
1840 766 1927 828 3113
1951 786 1981 828 ¹.

356 864 571 908 Hizieron
595 866 745 905 tamen
767 862 930 903 mucha
951 857 1165 901 instantia
1186 872 1294 914 para
1315 859 1457 901 hauer
1478 859 1672 916 collegio
1694 874 1801 916 para
1821 861 1984 906 Strau-

357 941 530 998 bingia,
556 955 668 996 ques
696 953 786 982 vna
809 937 943 980 tierra
969 934 1187 992 principal
1204 935 1278 979 del
1298 936 1450 990 duque
1472 936 1487 956 ²
1506 950 1615 993 muy
1632 937 1914 995 corrompida
1928 953 1986 994 ya

357 1020 414 1063 de
435 1019 699 1062 lutheranos
716 1017 749 1068 ⁵,
777 1029 878 1070 seys
895 1015 1053 1070 leguas
1076 1027 1158 1069 por
1179 1013 1221 1056 el
1247 1015 1313 1055 rio
1330 1013 1455 1056 lexos
1477 1013 1535 1058 de
1551 1013 1816 1070 Ratisbona,
1835 1016 1986 1060 donde

358 1099 455 1141 esta
479 1109 619 1151 agora
643 1093 776 1149 aquel
797 1107 892 1134 mar
920 1089 1082 1133 Illirico
1106 1090 1278 1132 echado
1295 1090 1352 1133 de
1368 1089 1563 1134 Saxonia
1579 1095 1606 1134 ὁ
1624 1091 1789 1136 Misina
1804 1093 1836 1136 ⁴.
1857 1094 1905 1136 Io
1921 1093 1987 1137 les

357 1173 510 1216 offreci
534 1172 591 1215 de
622 1172 757 1213 hazer
780 1169 884 1212 toda
906 1169 948 1210 la
968 1166 1182 1210 instantia
1210 1180 1298 1221 que
1326 1166 1537 1222 pudiesse
1564 1183 1650 1212 con
1679 1171 1735 1213 V.
1769 1172 1842 1223 Ρ.,
1877 1186 1986 1227 para

357 1264 445 1306 que
467 1253 493 1292 a
513 1249 557 1292 lo
578 1261 750 1300 menos,
777 1252 945 1301 quanto
967 1249 1062 1287 mas
1079 1251 1230 1300 presto
1252 1243 1462 1300 pudiesse
1478 1259 1565 1298 ser,
1589 1246 1786 1292 viniesse
1802 1262 1864 1291 vn
1880 1263 1985 1305 pre-

355 1327 539 1370 dicador
560 1324 828 1376 sufficiente,
853 1338 881 1378 y
904 1323 1096 1378 algunos
1119 1335 1203 1364 con
1226 1321 1267 1364 el
1289 1336 1398 1377 para
1414 1321 1656 1380 principiar
1677 1325 1719 1367 61
1741 1325 1934 1383 collegio
1954 1341 1985 1383 y

356 1418 567 1461 preparat
603 1416 711 1458 para
744 1401 812 1443 105
848 1406 987 1443 otrOS.
1023 1400 1237 1442 Deziame
1266 1400 1313 1442 M
1320 1403 1394 1441 ,tro
1423 1399 1607 1444 Canisio
1633 1415 1721 1456 que
1754 1417 1811 1446 en
1842 1404 1985 1447 Roma

356 1485 489 1525 hauia
511 1495 601 1523 vno
618 1493 706 1535 que
722 1492 770 1521 se
786 1477 885 1522 dize
901 1478 1062 1528 Fabro,
1089 1490 1177 1531 que
1199 1478 1315 1520 seria
1331 1490 1439 1532 para
1454 1477 1541 1520 6110
1562 1478 1815 1523 sufficiente
1838 1481 1870 1532 ⁵,
1897 1495 1927 1536 y
1943 1481 1985 1526 61

358 1616 646 1664 Ratisponensi,
665 1615 713 1650 ad
732 1620 883 1661 tempus
909 1625 994 1648 sese
1018 1613 1276 1660 reciperent.»
1295 1614 1526 1660 BRAUNSB.,
1550 1615 1625 1650 loc.
1641 1615 1724 1661 cit.,
1741 1616 1792 1656 ΙΙ,
1811 1616 1899 1662 874.
1922 1617 1983 1654 De

359 1676 601 1722 fundatione,
627 1674 848 1715 abbatibuS,
875 1673 1036 1719 aliisque
1059 1673 1176 1707 rebus
1204 1671 1319 1718 hujus
1346 1673 1687 1710 monasteriifuse
1715 1675 1873 1711 disserit
1900 1677 1984 1713 W1-

356 1744 522 1773 GULEUS
549 1735 692 1780 HUND,
717 1733 947 1779 Metropolis
966 1732 1299 1779 salisburgensis,
1319 1732 1371 1779 II,
1392 1730 1565 1778 138-149.

431 1798 440 1817 ¹
493 1796 605 1841 Quae
624 1792 873 1840 praecedunt,
889 1804 910 1827 a
928 1791 1057 1827 verbis
1078 1792 1196 1827 Resta
1213 1793 1346 1834 hazer,
1366 1797 1458 1828 sunt
1476 1795 1715 1842 autographa
1736 1795 1902 1843 Natalis,
1917 1796 1981 1832 ad·
2006 1818 2008 1820 -

359 1855 439 1890 dita
457 1855 496 1890 in
515 1850 707 1899 margine.

428 1917 442 1936 ²
494 1915 584 1948 Dux
601 1911 786 1947 Bavariae
807 1911 989 1945 Albertus
1010 1910 1062 1947 V.

431 1974 445 1994 ⁵
495 1973 555 2007 De
572 1973 643 2006 hac
662 1972 758 2006 urbe
776 1971 870 2005 haec
889 1968 1022 2004 scribit
1041 1970 1275 2016 AGRICOLA‚
1293 1970 1372 2006 loc.
1391 1970 1474 2014 cit.,
1493 1971 1584 2008 dec.
1613 1973 1665 2019 ΙΙ,
1683 1985 1726 2009 n.
1753 1973 1811 2009 80:
1829 1975 1982 2011 «Danu-

359 2033 423 2068 bio
441 2031 566 2067 adsita
583 2035 658 2076 est,
677 2030 767 2064 hinc
784 2028 1024 2064 commerciis
1049 2034 1280 2075 opportuna,
1303 2020 1538 2075 fertiliitem
1563 2032 1667 2077 5010,
1694 2038 1733 2068 et
1758 2034 1982 2070 abundante

359 2091 552 2127 alimentis
570 2089 618 2124 ad
635 2088 809 2133 delicias,
829 2087 942 2123 solito
956 2087 1003 2122 ad
1020 2088 1202 2123 haereses
1217 2081 1471 2134 irritamento,
1490 2090 1649 2137 insuper
1663 2091 1846 2128 Austriae
1860 2092 1983 2140 Supe-

359 2149 446 2186 riori
478 2149 705 2196 propinqua,
738 2152 829 2182 tunc
859 2146 1041 2192 temporis
1073 2147 1368 2183 Lutheranismo
1404 2147 1611 2184 admodum
1641 2150 1856 2187 infectae.»
1882 2153 1982 2189 Vide

358 2209 476 2244 etiam
493 2209 847 2250 BRAUNSBERGER‚
866 2203 939 2240 loc.
962 2206 1052 2248 cit.,
1073 2207 1104 2250 Ι,
1124 2214 1296 2253 215-250,
1315 2207 1467 2253 264·271
1494 2213 1534 2244 et
1550 2208 1721 2256 807-819.

428 2267 444 2287 ⁴
492 2267 573 2303 Sub
592 2266 707 2301 maris
723 2276 791 2300 seu
807 2265 913 2299 sinus
931 2265 1070 2311 illyrici
1085 2266 1309 2312 metaphora
1331 2265 1680 2312 designat‘Natalis
1703 2270 1886 2305 Mathiam
1901 2271 1985 2307 Fla-

357 2327 460 2363 cium
478 2326 686 2372 illyricum,
707 2324 865 2359 Lutheri
893 2330 931 2359 et
957 2325 1239 2360 Melanchtonis
1264 2326 1468 2372 asseclam,
1494 2325 1560 2374 qui
1587 2327 1660 2363 hoc
1677 2339 1777 2363 anno
1803 2329 1908 2376 1562,
1933 2331 1983 2366 ob

358 2387 441 2432 ejus
460 2387 508 2421 ab
527 2384 613 2420 aliis
631 2383 879 2419 heterodoxis
899 2382 1073 2430 dissidia,
1098 2386 1232 2430 pulsus
1259 2396 1280 2420 e
1299 2384 1480 2424 Saxonia‚
1508 2385 1761 2434 Ratisponam
1779 2400 1867 2425 sese
1892 2401 1981 2425 eon-

356 2447 512 2481 tulerat.
532 2444 725 2479 Misinam
746 2447 875 2477 autem
894 2453 962 2488 pro
980 2443 1130 2478 Misnia
1154 2443 1352 2479 librarium
1376 2444 1525 2480 Natalis
1549 2456 1598 2480 ex
1623 2457 1751 2482 errore
1779 2447 1982 2495 scripsisse

356 2506 459 2541 clare
477 2507 655 2551 apparet.
681 2501 856 2543 «Misnia,
876 2501 1044 2537 Meissen
1063 2503 1196 2549 vulgo,
1214 2502 1414 2549 prcvincia
1431 2508 1492 2539 est
1509 2504 1742 2542 Germaniae
1757 2506 1797 2542 in
1815 2495 1983 2544 Saxonia

357 2562 593 2611 superiori.»
612 2562 812 2605 FERRARI,
835 2560 961 2595 Lexic.
978 2572 1125 2608 geogr.

427 2624 442 2645 ⁵
493 2622 629 2657 Sermo
648 2630 737 2655 esse
755 2618 909 2654 videtur
925 2619 972 2654 de
991 2620 1040 2655 P.
1064 2619 1236 2667 Georgio
1254 2621 1393 2666 Fabro,
1413 2621 1462 2658 de
1489 2634 1564 2670 quo
1583 2624 1679 2659 haec
1697 2624 1893 2662 scribebat
1909 2626 1983 2663 Po-

356 2687 504 2723 lancus,
524 2679 679 2717 nomine
696 2678 740 2713 P.
757 2677 913 2723 Lainez,
932 2678 971 2713 in
990 2679 1187 2726 schedula,
1212 2679 1400 2716 Tridento
1417 2690 1463 2728 29
1479 2681 1608 2718 Martii
1638 2682 1740 2728 1563,
1766 2684 1815 2720 ad
1837 2685 1882 2721 P.
1902 2686 1983 2722 Ma'-

357 2744 524 2781 dridium
541 2741 643 2777 data:
665 2749 758 2773 «son
782 2736 956 2784 forcados
982 2749 1030 2773 en
1054 2739 1258 2775 Monachio
1281 2739 1331 2775 de
1356 2752 1511 2777 carecer
1534 2741 1583 2777 de
1607 2743 1665 2778 los
1689 2754 1889 2781 sermones
1916 2745 1980 2783 del

357 2806 406 2840 P.
428 2801 608 2847 Martino,
626 2810 696 2846 por
713 2808 780 2833 sus
796 2796 1112 2843 indispusitiones
1130 2810 1156 2844 y
1174 2799 1414 2844 afflictiones,
1435 2812 1462 2847 y
1478 2800 1596 2848 piden
1610 2801 1774 2839 licencia
1790 2815 1882 2851 para
1902 2816 1982 2841 em·

356 2864 478 2900 biarle
495 2861 606 2897 hazia
622 2856 800 2894 Colonia.
824 2855 883 2890 No
901 2855 1032 2892 tienen
1050 2857 1277 2903 predicador
1293 2870 1369 2906 que
1387 2870 1541 2906 pongan
1559 2872 1608 2896 en
1626 2873 1672 2897 su
1690 2863 1813 2908 lugar,
1832 2875 1859 2910 y
1876 2865 1979 2901 esles

356 2920 595 2959 necessario.
617 2917 745 2954 Dizen
762 2917 861 2951 seria
879 2917 912 2950 al
931 2916 1127 2962 proposito
1146 2917 1247 2953 61Ῥ.
1272 2917 1443 2965 Georgio
1466 2920 1606 2967 Fabro,
1624 2933 1699 2968 que
1723 2933 1813 2958 aora
1830 2926 1914 2959 esta
1930 2935 1980 2960 en

359 2983 394 3018 el
412 2991 524 3017 curso
542 2978 605 3014 del
623 2977 667 3012 P.
687 2976 846 3019 Acosta,
864 2986 890 3020 y
908 2974 939 3009 si
959 2976 994 3010 el
1009 2986 1057 3010 no
1072 2987 1113 3010 se
1128 2978 1388 3022 aprouechase
1407 2979 1546 3014 mucho
1563 2991 1615 3015 en⁴
1630 2980 1688 3016 los
1705 2980 1855 3018 studios
1869 2983 1980 3018 scho-

358 3039 528 3085 lasticos,
547 3041 569 3073 ό
587 3039 608 3072 a
624 3037 661 3072 lo
679 3045 812 3070 menos
836 3038 1004 3069 tomasse
1027 3033 1119 3070 bien
1143 3036 1180 3070 la
1203 3036 1363 3072 tornada
1386 3049 1435 3073 en
1460 3037 1648 3074 Alemafia
1674 3050 1765 3086 para
1787 3040 1978 3088 predicar,

359 3100 410 3135 N.
427 3100 474 3135 P.
497 3098 670 3144 holgaria
686 3095 828 3131 dello.»
847 3094 905 3129 Ex
923 3095 1147 3142 archetypo,
1172 3096 1212 3131 in
1233 3095 1331 3133 Cod.
1364 3098 1485 3140 PLB,
1516 3107 1582 3133 120
1606 3099 1830 3144 (42).--Die
1847 3104 1979 3136 autem
