<?xml version="1.0" encoding="UTF-8"?>
<!DOCTYPE html PUBLIC "-//W3C//DTD XHTML 1.0 Transitional//EN"
    "http://www.w3.org/TR/xhtml1/DTD/xhtml1-transitional.dtd">
<html xmlns="http://www.w3.org/1999/xhtml" xml:lang="en" lang="en">
 <head>
  <title>
</title>
<meta http-equiv="Content-Type" content="text/html;charset=utf-8" />
  <meta name='ocr-system' content='tesseract 3.04.00' />
  <meta name='ocr-capabilities' content='ocr_page ocr_carea ocr_par ocr_line ocrx_word'/>
</head>
<body>
  <div class='ocr_page' id='page_1' title='image "./epistolaephieron02nadauoft_0236.png"; bbox 0 0 2196 3522; ppageno 0'>
   <div class='ocr_carea' id='block_1_1' title="bbox 346 247 1392 300">
    <p class='ocr_par' dir='ltr' id='par_1_1' title="bbox 346 247 1392 300">
     <span class='ocr_line' id='line_1_1' title="bbox 346 247 1392 300; baseline -0.019 0"><span class='ocrx_word' id='word_1_1' title='bbox 346 273 417 300; x_wconf 87' lang='lat'><em>210</em></span> <span class='ocrx_word' id='word_1_2' title='bbox 700 269 704 273; x_wconf 69' lang='lat'>‚</span> <span class='ocrx_word' id='word_1_3' title='bbox 886 253 1024 288; x_wconf 77' lang='lat' dir='ltr'><em>EplsT.</em></span> <span class='ocrx_word' id='word_1_4' title='bbox 1050 250 1094 285; x_wconf 93' lang='lat' dir='ltr'><em>P.</em></span> <span class='ocrx_word' id='word_1_5' title='bbox 1122 247 1392 291; x_wconf 73' lang='lat' dir='ltr'>NADAL-zgz</span> 
     </span>
    </p>
   </div>
   <div class='ocr_carea' id='block_1_2' title="bbox 352 332 1981 570">
    <p class='ocr_par' dir='ltr' id='par_1_2' title="bbox 352 332 1981 570">
     <span class='ocr_line' id='line_1_2' title="bbox 370 332 1976 406; baseline -0.012 0"><span class='ocrx_word' id='word_1_6' title='bbox 370 366 437 406; x_wconf 90' lang='lat' dir='ltr'><em>En</em></span> <span class='ocrx_word' id='word_1_7' title='bbox 464 363 650 404; x_wconf 90' lang='lat' dir='ltr'><em>Trento.</em></span> <span class='ocrx_word' id='word_1_8' title='bbox 671 356 779 399; x_wconf 85' lang='lat' dir='ltr'><em>Alia</em></span> <span class='ocrx_word' id='word_1_9' title='bbox 806 367 950 397; x_wconf 81' lang='lat' dir='ltr'><em>manu</em></span> <span class='ocrx_word' id='word_1_10' title='bbox 973 351 1100 394; x_wconf 86' lang='lat' dir='ltr'><em>ibid..·</em></span> <span class='ocrx_word' id='word_1_11' title='bbox 1130 349 1255 404; x_wconf 86' lang='lat'><strong>1563.</strong></span> <span class='ocrx_word' id='word_1_12' title='bbox 1290 347 1557 393; x_wconf 89' lang='lat' dir='ltr'><em>Salamanca</em></span> <span class='ocrx_word' id='word_1_13' title='bbox 1579 347 1643 390; x_wconf 56' lang='lat' dir='ltr'><em>P.</em></span> <span class='ocrx_word' id='word_1_14' title='bbox 1663 344 1877 396; x_wconf 89' lang='lat' dir='ltr'><em>Alcaraz‚</em></span> <span class='ocrx_word' id='word_1_15' title='bbox 1913 332 1976 398; x_wconf 64' lang='lat'><em>2⁴5</em></span> 
     </span>
     <span class='ocr_line' id='line_1_3' title="bbox 352 422 1981 483; baseline -0.012 -1"><span class='ocrx_word' id='word_1_16' title='bbox 352 440 396 483; x_wconf 86' lang='lat' dir='ltr'><em>di</em></span> <span class='ocrx_word' id='word_1_17' title='bbox 428 440 630 482; x_wconf 87' lang='lat' dir='ltr'><em>Genaro.</em></span> <span class='ocrx_word' id='word_1_18' title='bbox 662 433 809 476; x_wconf 83' lang='lat' dir='ltr'><em>Manu</em></span> <span class='ocrx_word' id='word_1_19' title='bbox 836 432 894 474; x_wconf 92' lang='lat' dir='ltr'><em>P.</em></span> <span class='ocrx_word' id='word_1_20' title='bbox 922 428 1117 472; x_wconf 77' lang='lat' dir='ltr'><em>Polanci</em></span> <span class='ocrx_word' id='word_1_21' title='bbox 1149 426 1282 469; x_wconf 85' lang='lat' dir='ltr'><em>ibid.:</em></span> <span class='ocrx_word' id='word_1_22' title='bbox 1305 425 1411 481; x_wconf 76' lang='lat' dir='ltr'><em>Que</em></span> <span class='ocrx_word' id='word_1_23' title='bbox 1433 423 1503 467; x_wconf 88' lang='lat' dir='ltr'><em>sin</em></span> <span class='ocrx_word' id='word_1_24' title='bbox 1528 422 1694 480; x_wconf 80' lang='lat' dir='ltr'><em>replica</em></span> <span class='ocrx_word' id='word_1_25' title='bbox 1725 437 1774 467; x_wconf 87' lang='lat' dir='ltr'><em>se</em></span> <span class='ocrx_word' id='word_1_26' title='bbox 1805 435 1921 477; x_wconf 88' lang='lat' dir='ltr'><em>vaya</em></span> <span class='ocrx_word' id='word_1_27' title='bbox 1946 423 1981 464; x_wconf 65' lang='lat' dir='ltr'><em>a.</em></span> 
     </span>
     <span class='ocr_line' id='line_1_4' title="bbox 352 501 1697 570; baseline -0.013 -11"><span class='ocrx_word' id='word_1_28' title='bbox 352 513 592 570; x_wconf 81' lang='lat' dir='ltr'><em>Portugal,</em></span> <span class='ocrx_word' id='word_1_29' title='bbox 618 525 646 567; x_wconf 88' lang='lat' dir='ltr'>y</span> <span class='ocrx_word' id='word_1_30' title='bbox 668 524 729 553; x_wconf 90' lang='lat' dir='ltr'><em>no</em></span> <span class='ocrx_word' id='word_1_31' title='bbox 750 509 793 551; x_wconf 86' lang='lat' dir='ltr'><em>le</em></span> <span class='ocrx_word' id='word_1_32' title='bbox 813 520 1021 563; x_wconf 91' lang='lat' dir='ltr'><em>occupen</em></span> <span class='ocrx_word' id='word_1_33' title='bbox 1044 519 1103 549; x_wconf 88' lang='lat' dir='ltr'><em>en</em></span> <span class='ocrx_word' id='word_1_34' title='bbox 1124 504 1232 547; x_wconf 87' lang='lat' dir='ltr'><em>leer.</em></span> <span class='ocrx_word' id='word_1_35' title='bbox 1257 501 1416 559; x_wconf 84' lang='lat' dir='ltr'><em>Sigilli</em></span> <span class='ocrx_word' id='word_1_36' title='bbox 1437 501 1697 558; x_wconf 80' lang='lat' dir='ltr'><em>vestigium.</em></span> 
     </span>
    </p>
   </div>
   <div class='ocr_carea' id='block_1_3' title="bbox 684 687 1687 932">
    <p class='ocr_par' dir='ltr' id='par_1_3' title="bbox 684 687 1687 932">
     <span class='ocr_line' id='line_1_5' title="bbox 1105 687 1230 728; baseline -0.016 0"><span class='ocrx_word' id='word_1_37' title='bbox 1105 687 1230 728; x_wconf 67' lang='lat'>‘25⁶2</span> 
     </span>
     <span class='ocr_line' id='line_1_6' title="bbox 684 775 1687 827; baseline -0.008 0"><span class='ocrx_word' id='word_1_38' title='bbox 684 785 753 827; x_wconf 92' lang='lat' dir='ltr'><em>P.</em></span> <span class='ocrx_word' id='word_1_39' title='bbox 809 777 1358 825; x_wconf 87' lang='lat' dir='ltr'>HIERONYMUS</span> <span class='ocrx_word' id='word_1_40' title='bbox 1409 775 1687 820; x_wconf 88' lang='lat' dir='ltr'><strong>NADAL</strong></span> 
     </span>
     <span class='ocr_line' id='line_1_7' title="bbox 864 883 1476 932; baseline -0.007 -10"><span class='ocrx_word' id='word_1_41' title='bbox 864 886 1024 922; x_wconf 86' lang='lat' dir='ltr'><strong>PATRI</strong></span> <span class='ocrx_word' id='word_1_42' title='bbox 1051 883 1256 932; x_wconf 89' lang='lat' dir='ltr'>JACOBO</span> <span class='ocrx_word' id='word_1_43' title='bbox 1282 883 1476 919; x_wconf 85' lang='lat' dir='ltr'><strong>LAINEZ</strong></span> 
     </span>
    </p>
   </div>
   <div class='ocr_carea' id='block_1_4' title="bbox 712 964 1626 1014">
    <p class='ocr_par' dir='ltr' id='par_1_4' title="bbox 712 964 1626 1014">
     <span class='ocr_line' id='line_1_8' title="bbox 712 964 1626 1014; baseline -0.008 -5"><span class='ocrx_word' id='word_1_44' title='bbox 712 978 967 1014; x_wconf 76' lang='lat' dir='ltr'><strong>OENIPONTE‚</strong></span> <span class='ocrx_word' id='word_1_45' title='bbox 1000 977 1043 1013; x_wconf 92' lang='lat'><em>14</em></span> <span class='ocrx_word' id='word_1_46' title='bbox 1068 977 1122 1003; x_wconf 81' lang='lat' dir='ltr'><em>ET</em></span> <span class='ocrx_word' id='word_1_47' title='bbox 1151 967 1194 1003; x_wconf 92' lang='lat'><em>16</em></span> <span class='ocrx_word' id='word_1_48' title='bbox 1220 975 1448 1003; x_wconf 80' lang='lat' dir='ltr'><strong>FEBRUARII</strong></span> <span class='ocrx_word' id='word_1_49' title='bbox 1478 964 1569 1011; x_wconf 84' lang='lat'>1563</span> <span class='ocrx_word' id='word_1_50' title='bbox 1596 968 1626 1002; x_wconf 88' lang='lat'><em>¹.</em></span> 
     </span>
    </p>
   </div>
   <div class='ocr_carea' id='block_1_5' title="bbox 312 1061 1996 1239">
    <p class='ocr_par' dir='ltr' id='par_1_5' title="bbox 312 1061 1996 1239">
     <span class='ocr_line' id='line_1_9' title="bbox 312 1061 1996 1114; baseline -0.008 -4"><span class='ocrx_word' id='word_1_51' title='bbox 312 1083 324 1096; x_wconf 75' lang='grc'><em>·</em></span> <span class='ocrx_word' id='word_1_52' title='bbox 358 1073 418 1109; x_wconf 90' lang='lat' dir='ltr'><em>De</em></span> <span class='ocrx_word' id='word_1_53' title='bbox 435 1083 506 1107; x_wconf 86' lang='lat' dir='ltr'><em>suo</em></span> <span class='ocrx_word' id='word_1_54' title='bbox 523 1071 685 1107; x_wconf 82' lang='lat' dir='ltr'><em>itinere:</em></span> <span class='ocrx_word' id='word_1_55' title='bbox 711 1069 758 1104; x_wconf 88' lang='lat' dir='ltr'><em>de</em></span> <span class='ocrx_word' id='word_1_56' title='bbox 782 1066 954 1114; x_wconf 78' lang='lat' dir='ltr'><em>negotiis</em></span> <span class='ocrx_word' id='word_1_57' title='bbox 976 1065 1025 1099; x_wconf 89' lang='lat' dir='ltr'><em>ab</em></span> <span class='ocrx_word' id='word_1_58' title='bbox 1047 1065 1132 1111; x_wconf 90' lang='lat' dir='ltr'><em>ipso</em></span> <span class='ocrx_word' id='word_1_59' title='bbox 1157 1066 1193 1099; x_wconf 81' lang='lat' dir='ltr'><em>et</em></span> <span class='ocrx_word' id='word_1_60' title='bbox 1220 1062 1384 1098; x_wconf 88' lang='lat' dir='ltr'><em>Canisio</em></span> <span class='ocrx_word' id='word_1_61' title='bbox 1403 1062 1460 1097; x_wconf 86' lang='lat' dir='ltr'><em>ibi</em></span> <span class='ocrx_word' id='word_1_62' title='bbox 1478 1062 1686 1110; x_wconf 81' lang='lat' dir='ltr'><strong><em>gerendis:</em></strong></span> <span class='ocrx_word' id='word_1_63' title='bbox 1703 1061 1938 1109; x_wconf 83' lang='lat' dir='ltr'><em>frequentes</em></span> <span class='ocrx_word' id='word_1_64' title='bbox 1962 1072 1996 1096; x_wconf 71' lang='lat' dir='ltr'><strong><em>w</em></strong></span> 
     </span>
     <span class='ocr_line' id='line_1_10' title="bbox 424 1122 1994 1181; baseline -0.006 -13"><span class='ocrx_word' id='word_1_65' title='bbox 424 1130 612 1181; x_wconf 86' lang='lat' dir='ltr'><em>generali</em></span> <span class='ocrx_word' id='word_1_66' title='bbox 629 1129 817 1176; x_wconf 77' lang='lat' dir='ltr'><em>epistolas</em></span> <span class='ocrx_word' id='word_1_67' title='bbox 839 1126 1101 1173; x_wconf 83' lang='lat' dir='ltr'><em>Oenipontem</em></span> <span class='ocrx_word' id='word_1_68' title='bbox 1119 1124 1195 1159; x_wconf 85' lang='lat' dir='ltr'><em>sibi</em></span> <span class='ocrx_word' id='word_1_69' title='bbox 1211 1123 1307 1159; x_wconf 86' lang='lat' dir='ltr'><em>dari</em></span> <span class='ocrx_word' id='word_1_70' title='bbox 1325 1123 1519 1170; x_wconf 84' lang='lat' dir='ltr'><em>postulat,</em></span> <span class='ocrx_word' id='word_1_71' title='bbox 1545 1124 1590 1158; x_wconf 82' lang='lat' dir='ltr'><em>ut</em></span> <span class='ocrx_word' id='word_1_72' title='bbox 1611 1122 1757 1158; x_wconf 87' lang='lat' dir='ltr'><em>melius</em></span> <span class='ocrx_word' id='word_1_73' title='bbox 1773 1122 1908 1157; x_wconf 83' lang='lat' dir='ltr'><em>ardua</em></span> <span class='ocrx_word' id='word_1_74' title='bbox 1924 1132 1994 1158; x_wconf 83' lang='lat' dir='ltr'><em>ne-</em></span> 
     </span>
     <span class='ocr_line' id='line_1_11' title="bbox 425 1188 866 1239; baseline -0.018 -11"><span class='ocrx_word' id='word_1_75' title='bbox 425 1192 542 1239; x_wconf 82' lang='lat' dir='ltr'><em>gotia</em></span> <span class='ocrx_word' id='word_1_76' title='bbox 555 1200 698 1238; x_wconf 81' lang='lat' dir='ltr'><em>gerere</em></span> <span class='ocrx_word' id='word_1_77' title='bbox 716 1188 866 1223; x_wconf 86' lang='lat' dir='ltr'><em>valeat.</em></span> 
     </span>
    </p>
   </div>
   <div class='ocr_carea' id='block_1_6' title="bbox 363 1277 1997 1413">
    <p class='ocr_par' dir='ltr' id='par_1_6' title="bbox 363 1277 1997 1413">
     <span class='ocr_line' id='line_1_12' title="bbox 450 1277 1997 1334; baseline -0.007 -4"><span class='ocrx_word' id='word_1_78' title='bbox 450 1286 789 1330; x_wconf 80' lang='lat' dir='ltr'><em>Desiderantur</em></span> <span class='ocrx_word' id='word_1_79' title='bbox 820 1282 903 1324; x_wconf 81' lang='lat' dir='ltr'><em>hae</em></span> <span class='ocrx_word' id='word_1_80' title='bbox 924 1281 1054 1323; x_wconf 78' lang='lat' dir='ltr'><em>binae</em></span> <span class='ocrx_word' id='word_1_81' title='bbox 1076 1281 1250 1322; x_wconf 80' lang='lat' dir='ltr'><em>litterae</em></span> <span class='ocrx_word' id='word_1_82' title='bbox 1256 1293 1269 1330; x_wconf 89' lang='lat'><em>;</em></span> <span class='ocrx_word' id='word_1_83' title='bbox 1290 1293 1347 1322; x_wconf 84' lang='lat' dir='ltr'><em>ex</em></span> <span class='ocrx_word' id='word_1_84' title='bbox 1367 1279 1550 1334; x_wconf 80' lang='lat' dir='ltr'><em>epistola</em></span> <span class='ocrx_word' id='word_1_85' title='bbox 1570 1292 1676 1320; x_wconf 88' lang='lat' dir='ltr'><em>vero</em></span> <span class='ocrx_word' id='word_1_86' title='bbox 1697 1277 1890 1320; x_wconf 81' lang='lat' dir='ltr'><em>Polanci</em></span> <span class='ocrx_word' id='word_1_87' title='bbox 1910 1277 1997 1320; x_wconf 84' lang='lat' dir='ltr'><em>sub</em></span> 
     </span>
     <span class='ocr_line' id='line_1_13' title="bbox 363 1348 1997 1413; baseline -0.007 -11"><span class='ocrx_word' id='word_1_88' title='bbox 363 1374 411 1402; x_wconf 80' lang='lat' dir='ltr'><strong>n.</strong></span> <span class='ocrx_word' id='word_1_89' title='bbox 438 1367 525 1413; x_wconf 83' lang='lat'><em>254</em></span> <span class='ocrx_word' id='word_1_90' title='bbox 540 1356 690 1413; x_wconf 83' lang='lat' dir='ltr'><em>posita</em></span> <span class='ocrx_word' id='word_1_91' title='bbox 712 1356 881 1397; x_wconf 76' lang='lat' dir='ltr'><em>constat</em></span> <span class='ocrx_word' id='word_1_92' title='bbox 917 1352 1071 1394; x_wconf 81' lang='lat' dir='ltr'><em>diebus</em></span> <span class='ocrx_word' id='word_1_93' title='bbox 1095 1362 1150 1404; x_wconf 81' lang='lat'><em>14</em></span> <span class='ocrx_word' id='word_1_94' title='bbox 1182 1354 1222 1393; x_wconf 85' lang='lat' dir='ltr'><em>et</em></span> <span class='ocrx_word' id='word_1_95' title='bbox 1254 1352 1310 1393; x_wconf 87' lang='lat'><em>16</em></span> <span class='ocrx_word' id='word_1_96' title='bbox 1346 1350 1591 1392; x_wconf 72' lang='lat' dir='ltr'><em>Februarii</em></span> <span class='ocrx_word' id='word_1_97' title='bbox 1628 1350 1743 1404; x_wconf 75' lang='lat'><em>1563</em></span> <span class='ocrx_word' id='word_1_98' title='bbox 1781 1348 1997 1391; x_wconf 81' lang='lat' dir='ltr'><em>Natalem</em></span> 
     </span>
    </p>
   </div>
   <div class='ocr_carea' id='block_1_7' title="bbox 364 1426 2006 1798">
    <p class='ocr_par' dir='ltr' id='par_1_7' title="bbox 364 1426 2006 1798">
     <span class='ocr_line' id='line_1_14' title="bbox 365 1426 2001 1488; baseline -0.007 -9"><span class='ocrx_word' id='word_1_99' title='bbox 365 1436 531 1479; x_wconf 80' lang='lat' dir='ltr'><em>Lainio</em></span> <span class='ocrx_word' id='word_1_100' title='bbox 551 1432 800 1488; x_wconf 81' lang='lat' dir='ltr'><em>scripsisse,</em></span> <span class='ocrx_word' id='word_1_101' title='bbox 824 1443 935 1485; x_wconf 79' lang='lat' dir='ltr'><em>quae</em></span> <span class='ocrx_word' id='word_1_102' title='bbox 971 1429 1023 1471; x_wconf 81' lang='lat' dir='ltr'><em>in</em></span> <span class='ocrx_word' id='word_1_103' title='bbox 1053 1428 1275 1486; x_wconf 81' lang='lat' dir='ltr'><em>praefata</em></span> <span class='ocrx_word' id='word_1_104' title='bbox 1301 1427 1484 1484; x_wconf 83' lang='lat' dir='ltr'><em>epistola</em></span> <span class='ocrx_word' id='word_1_105' title='bbox 1506 1426 1624 1469; x_wconf 82' lang='lat' dir='ltr'><em>hisce</em></span> <span class='ocrx_word' id='word_1_106' title='bbox 1663 1426 1813 1469; x_wconf 86' lang='lat' dir='ltr'><em>verbis</em></span> <span class='ocrx_word' id='word_1_107' title='bbox 1849 1439 2001 1469; x_wconf 83' lang='lat' dir='ltr'><em>enun-</em></span> 
     </span>
     <span class='ocr_line' id='line_1_15' title="bbox 366 1502 2002 1561; baseline -0.006 -7"><span class='ocrx_word' id='word_1_108' title='bbox 366 1513 558 1554; x_wconf 69' lang='lat' dir='ltr'><em>tiantur:</em></span> <span class='ocrx_word' id='word_1_109' title='bbox 583 1508 819 1552; x_wconf 78' lang='lat' dir='ltr'><em>«Resciuio</em></span> <span class='ocrx_word' id='word_1_110' title='bbox 843 1508 903 1549; x_wconf 91' lang='lat' dir='ltr'><em>N.</em></span> <span class='ocrx_word' id='word_1_111' title='bbox 932 1507 990 1548; x_wconf 87' lang='lat' dir='ltr'><strong>P.</strong></span> <span class='ocrx_word' id='word_1_112' title='bbox 1016 1506 1202 1561; x_wconf 63' lang='lat' dir='ltr'><em>despuas</em></span> <span class='ocrx_word' id='word_1_113' title='bbox 1224 1518 1308 1561; x_wconf 84' lang='lat' dir='ltr'><em>que</em></span> <span class='ocrx_word' id='word_1_114' title='bbox 1334 1504 1443 1560; x_wconf 79' lang='lat' dir='ltr'><em>aqui</em></span> <span class='ocrx_word' id='word_1_115' title='bbox 1465 1507 1696 1546; x_wconf 79' lang='lat' dir='ltr'><em>tornamos</em></span> <span class='ocrx_word' id='word_1_116' title='bbox 1722 1503 1775 1545; x_wconf 87' lang='lat' dir='ltr'><em>de</em></span> <span class='ocrx_word' id='word_1_117' title='bbox 1802 1502 2002 1546; x_wconf 78' lang='lat' dir='ltr'><em>Mantua</em></span> 
     </span>
     <span class='ocr_line' id='line_1_16' title="bbox 369 1579 2005 1638; baseline -0.006 -7"><span class='ocrx_word' id='word_1_118' title='bbox 369 1590 447 1631; x_wconf 85' lang='lat' dir='ltr'><em>dos</em></span> <span class='ocrx_word' id='word_1_119' title='bbox 481 1588 620 1630; x_wconf 79' lang='lat' dir='ltr'><em>letras</em></span> <span class='ocrx_word' id='word_1_120' title='bbox 642 1586 694 1628; x_wconf 85' lang='lat' dir='ltr'><em>de</em></span> <span class='ocrx_word' id='word_1_121' title='bbox 734 1585 782 1626; x_wconf 90' lang='lat' dir='ltr'><em>V.</em></span> <span class='ocrx_word' id='word_1_122' title='bbox 819 1585 876 1625; x_wconf 80' lang='lat' dir='ltr'><strong>R.</strong></span> <span class='ocrx_word' id='word_1_123' title='bbox 903 1583 955 1625; x_wconf 86' lang='lat' dir='ltr'><em>de</em></span> <span class='ocrx_word' id='word_1_124' title='bbox 988 1594 1043 1635; x_wconf 80' lang='grc'><em>14</em></span> <span class='ocrx_word' id='word_1_125' title='bbox 1071 1597 1099 1638; x_wconf 76' lang='lat' dir='ltr'>y</span> <span class='ocrx_word' id='word_1_126' title='bbox 1133 1584 1188 1624; x_wconf 83' lang='lat'><em>16</em></span> <span class='ocrx_word' id='word_1_127' title='bbox 1208 1582 1279 1624; x_wconf 85' lang='lat' dir='ltr'><em>del</em></span> <span class='ocrx_word' id='word_1_128' title='bbox 1302 1585 1566 1637; x_wconf 80' lang='lat' dir='ltr'><em>presente...</em></span> <span class='ocrx_word' id='word_1_129' title='bbox 1602 1580 1915 1637; x_wconf 72' lang='lat' dir='ltr'><em>Holgdmonos</em></span> <span class='ocrx_word' id='word_1_130' title='bbox 1945 1579 2005 1622; x_wconf 84' lang='lat' dir='ltr'><em>de</em></span> 
     </span>
     <span class='ocr_line' id='line_1_17' title="bbox 369 1656 2006 1717; baseline -0.005 -9"><span class='ocrx_word' id='word_1_131' title='bbox 369 1665 582 1708; x_wconf 67' lang='lat' dir='ltr'><em>eaztender</em></span> <span class='ocrx_word' id='word_1_132' title='bbox 599 1662 799 1705; x_wconf 76' lang='lat' dir='ltr'><em>liubiesse</em></span> <span class='ocrx_word' id='word_1_133' title='bbox 817 1660 994 1717; x_wconf 77' lang='lat' dir='ltr'><em>llegado</em></span> <span class='ocrx_word' id='word_1_134' title='bbox 1013 1660 1153 1702; x_wconf 80' lang='lat' dir='ltr'><em>bueno</em></span> <span class='ocrx_word' id='word_1_135' title='bbox 1178 1660 1227 1702; x_wconf 89' lang='lat' dir='ltr'><em>V.</em></span> <span class='ocrx_word' id='word_1_136' title='bbox 1249 1660 1308 1702; x_wconf 87' lang='lat' dir='ltr'><em>R.</em></span> <span class='ocrx_word' id='word_1_137' title='bbox 1333 1660 1364 1711; x_wconf 79' lang='lat'><em>²,</em></span> <span class='ocrx_word' id='word_1_138' title='bbox 1386 1672 1567 1715; x_wconf 69' lang='lat' dir='ltr'><em>aurique</em></span> <span class='ocrx_word' id='word_1_139' title='bbox 1584 1672 1668 1715; x_wconf 75' lang='lat' dir='ltr'><em>aya</em></span> <span class='ocrx_word' id='word_1_140' title='bbox 1686 1658 1793 1714; x_wconf 82' lang='lat' dir='ltr'><em>algo</em></span> <span class='ocrx_word' id='word_1_141' title='bbox 1809 1656 2006 1699; x_wconf 86' lang='lat' dir='ltr'><em>tardado</em></span> 
     </span>
     <span class='ocr_line' id='line_1_18' title="bbox 364 1737 1405 1798; baseline -0.007 -13"><span class='ocrx_word' id='word_1_142' title='bbox 364 1747 453 1798; x_wconf 90' lang='lat' dir='ltr'><em>por</em></span> <span class='ocrx_word' id='word_1_143' title='bbox 475 1742 519 1783; x_wconf 86' lang='lat' dir='ltr'><em>la</em></span> <span class='ocrx_word' id='word_1_144' title='bbox 540 1739 704 1783; x_wconf 81' lang='lat' dir='ltr'><em>mucha</em></span> <span class='ocrx_word' id='word_1_145' title='bbox 726 1752 870 1794; x_wconf 83' lang='lat' dir='ltr'><em>carga</em></span> <span class='ocrx_word' id='word_1_146' title='bbox 889 1752 917 1793; x_wconf 76' lang='lat' dir='ltr'>y</span> <span class='ocrx_word' id='word_1_147' title='bbox 939 1737 1080 1780; x_wconf 81' lang='lat' dir='ltr'><em>malos</em></span> <span class='ocrx_word' id='word_1_148' title='bbox 1101 1737 1317 1779; x_wconf 83' lang='lat' dir='ltr'><em>caminos.</em></span> <span class='ocrx_word' id='word_1_149' title='bbox 1404 1738 1405 1741; x_wconf 73' lang='grc'>’</span> 
     </span>
    </p>
   </div>
   <div class='ocr_carea' id='block_1_8' title="bbox 374 1834 636 1839">
    <p class='ocr_par' dir='ltr' id='par_1_8' title="bbox 374 1834 636 1839">
     <span class='ocr_line' id='line_1_19' title="bbox 374 1834 636 1839; baseline 0 0"><span class='ocrx_word' id='word_1_150' title='bbox 374 1834 636 1839; x_wconf 95' lang='lat' dir='ltr'><em> </em></span> 
     </span>
    </p>
   </div>
   <div class='ocr_carea' id='block_1_9' title="bbox 374 1871 2077 2869">
    <p class='ocr_par' dir='ltr' id='par_1_9' title="bbox 445 1871 1290 1920">
     <span class='ocr_line' id='line_1_20' title="bbox 445 1871 1290 1920; baseline -0.004 -9"><span class='ocrx_word' id='word_1_151' title='bbox 445 1879 455 1898; x_wconf 83' lang='lat'>¹</span> <span class='ocrx_word' id='word_1_152' title='bbox 506 1877 565 1911; x_wconf 87' lang='lat' dir='ltr'><em>Ex</em></span> <span class='ocrx_word' id='word_1_153' title='bbox 583 1877 770 1920; x_wconf 81' lang='lat' dir='ltr'><em>Regesto,</em></span> <span class='ocrx_word' id='word_1_154' title='bbox 794 1873 890 1909; x_wconf 84' lang='lat' dir='ltr'><em>Cod.</em></span> <span class='ocrx_word' id='word_1_155' title='bbox 918 1883 961 1919; x_wconf 79' lang='lat'><em>33</em></span> <span class='ocrx_word' id='word_1_156' title='bbox 980 1873 1033 1919; x_wconf 86' lang='lat' dir='ltr'><em>c),</em></span> <span class='ocrx_word' id='word_1_157' title='bbox 1054 1873 1093 1908; x_wconf 85' lang='lat' dir='ltr'><strong>ff.</strong></span> <span class='ocrx_word' id='word_1_158' title='bbox 1114 1871 1290 1908; x_wconf 89' lang='lat'><strong>201-203.</strong></span> 
     </span>
    </p>

    <p class='ocr_par' dir='ltr' id='par_1_10' title="bbox 374 1930 2074 2688">
     <span class='ocr_line' id='line_1_21' title="bbox 444 1930 2010 1978; baseline -0.002 -8"><span class='ocrx_word' id='word_1_159' title='bbox 444 1937 459 1958; x_wconf 62' lang='grc' dir='ltr'><strong>Ξ</strong></span> <span class='ocrx_word' id='word_1_160' title='bbox 508 1935 568 1970; x_wconf 91' lang='lat' dir='ltr'><em>De</em></span> <span class='ocrx_word' id='word_1_161' title='bbox 583 1934 722 1969; x_wconf 87' lang='lat' dir='ltr'><em>itinere</em></span> <span class='ocrx_word' id='word_1_162' title='bbox 738 1932 862 1968; x_wconf 86' lang='lat' dir='ltr'><em>Patris</em></span> <span class='ocrx_word' id='word_1_163' title='bbox 878 1932 999 1968; x_wconf 89' lang='lat' dir='ltr'><em>Nadal</em></span> <span class='ocrx_word' id='word_1_164' title='bbox 1015 1938 1054 1968; x_wconf 88' lang='lat' dir='ltr'><em>et</em></span> <span class='ocrx_word' id='word_1_165' title='bbox 1071 1932 1120 1968; x_wconf 89' lang='lat' dir='ltr'><em>de</em></span> <span class='ocrx_word' id='word_1_166' title='bbox 1138 1932 1281 1978; x_wconf 88' lang='lat' dir='ltr'><em>causis,</em></span> <span class='ocrx_word' id='word_1_167' title='bbox 1300 1943 1369 1968; x_wconf 90' lang='lat' dir='ltr'><em>cur</em></span> <span class='ocrx_word' id='word_1_168' title='bbox 1382 1930 1646 1978; x_wconf 85' lang='lat' dir='ltr'><em>Oenipontem</em></span> <span class='ocrx_word' id='word_1_169' title='bbox 1659 1932 1734 1967; x_wconf 89' lang='lat' dir='ltr'><em>hoc</em></span> <span class='ocrx_word' id='word_1_170' title='bbox 1751 1936 1926 1978; x_wconf 87' lang='lat' dir='ltr'><em>tempore</em></span> <span class='ocrx_word' id='word_1_171' title='bbox 1944 1942 2010 1967; x_wconf 86' lang='lat' dir='ltr'><em>ac—</em></span> 
     </span>
     <span class='ocr_line' id='line_1_22' title="bbox 374 1987 2074 2039; baseline -0.002 -10"><span class='ocrx_word' id='word_1_172' title='bbox 374 1994 509 2039; x_wconf 85' lang='lat' dir='ltr'><em>cessit,</em></span> <span class='ocrx_word' id='word_1_173' title='bbox 527 1994 637 2037; x_wconf 89' lang='lat' dir='ltr'><em>haec,</em></span> <span class='ocrx_word' id='word_1_174' title='bbox 656 1991 718 2027; x_wconf 91' lang='lat' dir='ltr'><em>die</em></span> <span class='ocrx_word' id='word_1_175' title='bbox 737 2003 759 2038; x_wconf 89' lang='lat'>9</span> <span class='ocrx_word' id='word_1_176' title='bbox 777 1992 976 2027; x_wconf 86' lang='lat' dir='ltr'><em>Februarii</em></span> <span class='ocrx_word' id='word_1_177' title='bbox 997 1991 1100 2037; x_wconf 86' lang='lat'>1563,</span> <span class='ocrx_word' id='word_1_178' title='bbox 1126 1987 1329 2036; x_wconf 66' lang='lat' dir='ltr'><em>Poleincus,</em></span> <span class='ocrx_word' id='word_1_179' title='bbox 1361 1991 1517 2026; x_wconf 88' lang='lat' dir='ltr'><em>nomine</em></span> <span class='ocrx_word' id='word_1_180' title='bbox 1536 1990 1662 2027; x_wconf 87' lang='lat' dir='ltr'><em>Patris</em></span> <span class='ocrx_word' id='word_1_181' title='bbox 1680 1990 1838 2036; x_wconf 87' lang='lat' dir='ltr'><em>Lainez,</em></span> <span class='ocrx_word' id='word_1_182' title='bbox 1864 1990 2006 2027; x_wconf 77' lang='lat' dir='ltr'><em>rectori</em></span> <span class='ocrx_word' id='word_1_183' title='bbox 2072 1990 2074 1993; x_wconf 77' lang='grc'><strong>’</strong></span> 
     </span>
     <span class='ocr_line' id='line_1_23' title="bbox 376 2050 2011 2099; baseline -0.002 -10"><span class='ocrx_word' id='word_1_184' title='bbox 376 2052 532 2099; x_wconf 84' lang='lat' dir='ltr'><em>collegii</em></span> <span class='ocrx_word' id='word_1_185' title='bbox 556 2051 804 2099; x_wconf 90' lang='lat' dir='ltr'><em>oenipontani</em></span> <span class='ocrx_word' id='word_1_186' title='bbox 830 2051 1038 2087; x_wconf 85' lang='lat' dir='ltr'><em>scribebat:</em></span> <span class='ocrx_word' id='word_1_187' title='bbox 1060 2051 1358 2087; x_wconf 82' lang='lat' dir='ltr'><em>«Gratissimum</em></span> <span class='ocrx_word' id='word_1_188' title='bbox 1383 2051 1431 2086; x_wconf 88' lang='lat' dir='ltr'><em>P.</em></span> <span class='ocrx_word' id='word_1_189' title='bbox 1455 2051 1505 2086; x_wconf 92' lang='lat' dir='ltr'><em>N.</em></span> <span class='ocrx_word' id='word_1_190' title='bbox 1525 2062 1570 2087; x_wconf 90' lang='lat' dir='ltr'><em>ac</em></span> <span class='ocrx_word' id='word_1_191' title='bbox 1593 2050 1773 2087; x_wconf 90' lang='lat' dir='ltr'><em>omnibus</em></span> <span class='ocrx_word' id='word_1_192' title='bbox 1797 2050 1909 2086; x_wconf 87' lang='lat' dir='ltr'><em>nobis</em></span> <span class='ocrx_word' id='word_1_193' title='bbox 1932 2050 2011 2086; x_wconf 79' lang='lat' dir='ltr'><em>fuit</em></span> 
     </span>
     <span class='ocr_line' id='line_1_24' title="bbox 378 2107 2012 2158; baseline -0.002 -9"><span class='ocrx_word' id='word_1_194' title='bbox 378 2112 622 2149; x_wconf 83' lang='lat' dir='ltr'><em>intellexisse</em></span> <span class='ocrx_word' id='word_1_195' title='bbox 636 2115 779 2158; x_wconf 87' lang='lat' dir='ltr'><em>quanta</em></span> <span class='ocrx_word' id='word_1_196' title='bbox 793 2122 880 2145; x_wconf 91' lang='lat' dir='ltr'><em>cum</em></span> <span class='ocrx_word' id='word_1_197' title='bbox 895 2111 1137 2156; x_wconf 86' lang='lat' dir='ltr'><em>benignitate</em></span> <span class='ocrx_word' id='word_1_198' title='bbox 1153 2110 1345 2146; x_wconf 87' lang='lat' dir='ltr'><em>Caesarea</em></span> <span class='ocrx_word' id='word_1_199' title='bbox 1359 2109 1542 2146; x_wconf 89' lang='lat' dir='ltr'><em>Maiestas</em></span> <span class='ocrx_word' id='word_1_200' title='bbox 1556 2115 1596 2145; x_wconf 90' lang='lat' dir='ltr'><em>et</em></span> <span class='ocrx_word' id='word_1_201' title='bbox 1609 2109 1788 2146; x_wconf 88' lang='lat' dir='ltr'><em>inuiserit</em></span> <span class='ocrx_word' id='word_1_202' title='bbox 1800 2107 2012 2156; x_wconf 79' lang='lat' dir='ltr'><em>collegium</em></span> 
     </span>
     <span class='ocr_line' id='line_1_25' title="bbox 378 2169 2012 2217; baseline -0.002 -9"><span class='ocrx_word' id='word_1_203' title='bbox 378 2183 492 2208; x_wconf 90' lang='lat' dir='ltr'><em>suum</em></span> <span class='ocrx_word' id='word_1_204' title='bbox 510 2170 827 2217; x_wconf 71' lang='lat' dir='ltr'><em>oenipontzmum,</em></span> <span class='ocrx_word' id='word_1_205' title='bbox 854 2175 893 2204; x_wconf 88' lang='lat' dir='ltr'><em>et</em></span> <span class='ocrx_word' id='word_1_206' title='bbox 918 2181 986 2205; x_wconf 91' lang='lat' dir='ltr'><em>uos</em></span> <span class='ocrx_word' id='word_1_207' title='bbox 1012 2170 1061 2205; x_wconf 92' lang='lat' dir='ltr'><em>ad</em></span> <span class='ocrx_word' id='word_1_208' title='bbox 1084 2170 1320 2217; x_wconf 90' lang='lat' dir='ltr'><em>colloquium</em></span> <span class='ocrx_word' id='word_1_209' title='bbox 1347 2169 1548 2205; x_wconf 88' lang='lat' dir='ltr'><em>admiserit</em></span> <span class='ocrx_word' id='word_1_210' title='bbox 1574 2169 1679 2205; x_wconf 91' lang='lat' dir='ltr'><em>domi</em></span> <span class='ocrx_word' id='word_1_211' title='bbox 1705 2181 1814 2213; x_wconf 88' lang='lat' dir='ltr'><em>suae,</em></span> <span class='ocrx_word' id='word_1_212' title='bbox 1841 2174 1881 2204; x_wconf 88' lang='lat' dir='ltr'><em>et</em></span> <span class='ocrx_word' id='word_1_213' title='bbox 1906 2169 2012 2205; x_wconf 85' lang='lat' dir='ltr'><em>viam</em></span> 
     </span>
     <span class='ocr_line' id='line_1_26' title="bbox 381 2228 2008 2276; baseline -0.001 -10"><span class='ocrx_word' id='word_1_214' title='bbox 381 2230 499 2266; x_wconf 90' lang='lat' dir='ltr'><em>etiam</em></span> <span class='ocrx_word' id='word_1_215' title='bbox 523 2228 811 2276; x_wconf 87' lang='lat' dir='ltr'><em>praeparauerit</em></span> <span class='ocrx_word' id='word_1_216' title='bbox 835 2234 877 2263; x_wconf 93' lang='lat' dir='ltr'><em>ut</em></span> <span class='ocrx_word' id='word_1_217' title='bbox 907 2229 1073 2264; x_wconf 87' lang='lat' dir='ltr'><em>eundem</em></span> <span class='ocrx_word' id='word_1_218' title='bbox 1092 2229 1259 2275; x_wconf 89' lang='lat' dir='ltr'><em>possetis</em></span> <span class='ocrx_word' id='word_1_219' title='bbox 1277 2230 1399 2265; x_wconf 90' lang='lat' dir='ltr'><em>libere</em></span> <span class='ocrx_word' id='word_1_220' title='bbox 1417 2228 1642 2273; x_wconf 86' lang='lat' dir='ltr'><em>conuenire,</em></span> <span class='ocrx_word' id='word_1_221' title='bbox 1660 2240 1748 2264; x_wconf 89' lang='lat' dir='ltr'><em>cum</em></span> <span class='ocrx_word' id='word_1_222' title='bbox 1767 2240 1864 2276; x_wconf 91' lang='lat' dir='ltr'><em>opus</em></span> <span class='ocrx_word' id='word_1_223' title='bbox 1882 2233 2008 2264; x_wconf 89' lang='lat' dir='ltr'><em>esset.</em></span> 
     </span>
     <span class='ocr_line' id='line_1_27' title="bbox 382 2287 2016 2336; baseline 0 -12"><span class='ocrx_word' id='word_1_224' title='bbox 382 2289 505 2336; x_wconf 89' lang='lat' dir='ltr'><em>Spero</em></span> <span class='ocrx_word' id='word_1_225' title='bbox 518 2287 622 2336; x_wconf 89' lang='lat' dir='ltr'><em>quod</em></span> <span class='ocrx_word' id='word_1_226' title='bbox 640 2288 716 2323; x_wconf 89' lang='lat' dir='ltr'><em>iam</em></span> <span class='ocrx_word' id='word_1_227' title='bbox 734 2287 857 2322; x_wconf 88' lang='lat' dir='ltr'><em>aderit</em></span> <span class='ocrx_word' id='word_1_228' title='bbox 876 2288 987 2323; x_wconf 90' lang='lat' dir='ltr'><em>uobis</em></span> <span class='ocrx_word' id='word_1_229' title='bbox 1006 2289 1121 2323; x_wconf 88' lang='lat' dir='ltr'><em>Pater</em></span> <span class='ocrx_word' id='word_1_230' title='bbox 1135 2288 1383 2335; x_wconf 89' lang='lat' dir='ltr'><em>prouincialis</em></span> <span class='ocrx_word' id='word_1_231' title='bbox 1399 2287 1712 2336; x_wconf 90' lang='lat' dir='ltr'><em>quandoquidem</em></span> <span class='ocrx_word' id='word_1_232' title='bbox 1731 2289 2016 2335; x_wconf 82' lang='lat' dir='ltr'><em>expectabatur</em></span> 
     </span>
     <span class='ocr_line' id='line_1_28' title="bbox 382 2346 2015 2395; baseline -0.001 -11"><span class='ocrx_word' id='word_1_233' title='bbox 382 2361 404 2384; x_wconf 91' lang='lat' dir='ltr'><em>a</em></span> <span class='ocrx_word' id='word_1_234' title='bbox 428 2348 620 2384; x_wconf 87' lang='lat' dir='ltr'><em>Caesarea</em></span> <span class='ocrx_word' id='word_1_235' title='bbox 651 2346 855 2382; x_wconf 87' lang='lat' dir='ltr'><em>Maiestate</em></span> <span class='ocrx_word' id='word_1_236' title='bbox 886 2346 925 2382; x_wconf 91' lang='lat' dir='ltr'><em>in</em></span> <span class='ocrx_word' id='word_1_237' title='bbox 949 2347 1047 2383; x_wconf 88' lang='lat' dir='ltr'><em>dies.</em></span> <span class='ocrx_word' id='word_1_238' title='bbox 1074 2348 1162 2383; x_wconf 89' lang='lat' dir='ltr'><em>Non</em></span> <span class='ocrx_word' id='word_1_239' title='bbox 1186 2348 1322 2383; x_wconf 91' lang='lat' dir='ltr'><em>dubito</em></span> <span class='ocrx_word' id='word_1_240' title='bbox 1346 2348 1463 2384; x_wconf 88' lang='lat' dir='ltr'><em>etiam</em></span> <span class='ocrx_word' id='word_1_241' title='bbox 1493 2347 1588 2395; x_wconf 90' lang='lat' dir='ltr'><em>quin</em></span> <span class='ocrx_word' id='word_1_242' title='bbox 1617 2348 1664 2383; x_wconf 92' lang='lat' dir='ltr'><em>R.</em></span> <span class='ocrx_word' id='word_1_243' title='bbox 1690 2347 1742 2383; x_wconf 92' lang='lat' dir='ltr'><em>V.</em></span> <span class='ocrx_word' id='word_1_244' title='bbox 1773 2347 1821 2382; x_wconf 90' lang='lat' dir='ltr'><em>ad</em></span> <span class='ocrx_word' id='word_1_245' title='bbox 1845 2347 2015 2388; x_wconf 75' lang='lat' dir='ltr'><em>eundem</em></span> 
     </span>
     <span class='ocr_line' id='line_1_29' title="bbox 383 2405 2015 2454; baseline -0.001 -11"><span class='ocrx_word' id='word_1_246' title='bbox 383 2406 626 2454; x_wconf 87' lang='lat' dir='ltr'><em>scripserit...</em></span> <span class='ocrx_word' id='word_1_247' title='bbox 646 2411 687 2442; x_wconf 86' lang='lat' dir='ltr'><em>et</em></span> <span class='ocrx_word' id='word_1_248' title='bbox 705 2406 749 2440; x_wconf 92' lang='lat' dir='ltr'><em>P.</em></span> <span class='ocrx_word' id='word_1_249' title='bbox 776 2405 923 2441; x_wconf 88' lang='lat' dir='ltr'><em>Natalis</em></span> <span class='ocrx_word' id='word_1_250' title='bbox 949 2406 1012 2441; x_wconf 92' lang='lat' dir='ltr'><em>die</em></span> <span class='ocrx_word' id='word_1_251' title='bbox 1040 2407 1222 2453; x_wconf 89' lang='lat' dir='ltr'><em>crastina,</em></span> <span class='ocrx_word' id='word_1_252' title='bbox 1238 2408 1323 2443; x_wconf 91' lang='lat' dir='ltr'><em>Deo</em></span> <span class='ocrx_word' id='word_1_253' title='bbox 1342 2406 1515 2454; x_wconf 89' lang='lat' dir='ltr'><em>fauente,</em></span> <span class='ocrx_word' id='word_1_254' title='bbox 1531 2405 1793 2454; x_wconf 85' lang='lat' dir='ltr'><em>Oenipontem</em></span> <span class='ocrx_word' id='word_1_255' title='bbox 1813 2411 1872 2442; x_wconf 86' lang='lat' dir='ltr'><em>est</em></span> <span class='ocrx_word' id='word_1_256' title='bbox 1890 2405 2015 2453; x_wconf 83' lang='lat' dir='ltr'><em>profe·</em></span> 
     </span>
     <span class='ocr_line' id='line_1_30' title="bbox 383 2464 2021 2512; baseline -0.001 -11"><span class='ocrx_word' id='word_1_257' title='bbox 383 2470 532 2511; x_wconf 88' lang='lat' dir='ltr'><em>cturus,</em></span> <span class='ocrx_word' id='word_1_258' title='bbox 548 2469 590 2500; x_wconf 93' lang='lat' dir='ltr'><em>ut</em></span> <span class='ocrx_word' id='word_1_259' title='bbox 604 2464 718 2500; x_wconf 92' lang='lat' dir='ltr'><em>simul</em></span> <span class='ocrx_word' id='word_1_260' title='bbox 734 2475 823 2499; x_wconf 90' lang='lat' dir='ltr'><em>cum</em></span> <span class='ocrx_word' id='word_1_261' title='bbox 839 2465 975 2500; x_wconf 88' lang='lat' dir='ltr'><em>eodem</em></span> <span class='ocrx_word' id='word_1_262' title='bbox 990 2466 1034 2501; x_wconf 89' lang='lat' dir='ltr'><strong>P.</strong></span> <span class='ocrx_word' id='word_1_263' title='bbox 1050 2465 1207 2502; x_wconf 86' lang='lat' dir='ltr'><em>Canisio</em></span> <span class='ocrx_word' id='word_1_264' title='bbox 1224 2471 1263 2502; x_wconf 87' lang='lat' dir='ltr'><em>et</em></span> <span class='ocrx_word' id='word_1_265' title='bbox 1281 2466 1394 2502; x_wconf 87' lang='lat' dir='ltr'><em>nobis</em></span> <span class='ocrx_word' id='word_1_266' title='bbox 1412 2477 1529 2512; x_wconf 86' lang='lat' dir='ltr'><em>agere</em></span> <span class='ocrx_word' id='word_1_267' title='bbox 1544 2466 1667 2512; x_wconf 84' lang='lat' dir='ltr'><em>possit</em></span> <span class='ocrx_word' id='word_1_268' title='bbox 1684 2465 1733 2501; x_wconf 91' lang='lat' dir='ltr'><em>de</em></span> <span class='ocrx_word' id='word_1_269' title='bbox 1750 2467 1868 2501; x_wconf 87' lang='lat' dir='ltr'><em>rebus</em></span> <span class='ocrx_word' id='word_1_270' title='bbox 1885 2465 1933 2501; x_wconf 91' lang='lat' dir='ltr'><em>ad</em></span> <span class='ocrx_word' id='word_1_271' title='bbox 1947 2465 2021 2500; x_wconf 83' lang='lat' dir='ltr'><em>So-</em></span> 
     </span>
     <span class='ocr_line' id='line_1_31' title="bbox 381 2524 2021 2573; baseline -0.001 -12"><span class='ocrx_word' id='word_1_272' title='bbox 381 2525 566 2562; x_wconf 85' lang='lat' dir='ltr'><em>cietatem</em></span> <span class='ocrx_word' id='word_1_273' title='bbox 584 2529 756 2560; x_wconf 88' lang='lat' dir='ltr'><em>nostram</em></span> <span class='ocrx_word' id='word_1_274' title='bbox 775 2524 1061 2570; x_wconf 88' lang='lat' dir='ltr'><em>pertinentibus</em></span> <span class='ocrx_word' id='word_1_275' title='bbox 1080 2531 1120 2561; x_wconf 87' lang='lat' dir='ltr'><em>et</em></span> <span class='ocrx_word' id='word_1_276' title='bbox 1137 2526 1185 2562; x_wconf 91' lang='lat' dir='ltr'><em>de</em></span> <span class='ocrx_word' id='word_1_277' title='bbox 1204 2526 1289 2562; x_wconf 88' lang='lat' dir='ltr'><em>aliis</em></span> <span class='ocrx_word' id='word_1_278' title='bbox 1308 2526 1440 2571; x_wconf 87' lang='lat' dir='ltr'><em>etiam,</em></span> <span class='ocrx_word' id='word_1_279' title='bbox 1459 2525 1493 2561; x_wconf 90' lang='lat' dir='ltr'><em>si</em></span> <span class='ocrx_word' id='word_1_280' title='bbox 1517 2536 1614 2572; x_wconf 91' lang='lat' dir='ltr'><em>opus</em></span> <span class='ocrx_word' id='word_1_281' title='bbox 1635 2524 1767 2561; x_wconf 83' lang='lat' dir='ltr'><em>fuerit.</em></span> <span class='ocrx_word' id='word_1_282' title='bbox 1793 2526 1929 2573; x_wconf 87' lang='lat' dir='ltr'><em>Itaque</em></span> <span class='ocrx_word' id='word_1_283' title='bbox 1951 2524 2021 2561; x_wconf 79' lang='lat' dir='ltr'><em>die</em></span> 
     </span>
     <span class='ocr_line' id='line_1_32' title="bbox 385 2583 2020 2633; baseline 0.001 -13"><span class='ocrx_word' id='word_1_284' title='bbox 385 2584 510 2620; x_wconf 89' lang='lat' dir='ltr'><em>sabati</em></span> <span class='ocrx_word' id='word_1_285' title='bbox 540 2584 639 2630; x_wconf 88' lang='lat' dir='ltr'><em>[sic],</em></span> <span class='ocrx_word' id='word_1_286' title='bbox 665 2588 708 2619; x_wconf 88' lang='lat' dir='ltr'><em>ut</em></span> <span class='ocrx_word' id='word_1_287' title='bbox 737 2595 851 2630; x_wconf 89' lang='lat' dir='ltr'><em>spero</em></span> <span class='ocrx_word' id='word_1_288' title='bbox 881 2583 1145 2631; x_wconf 82' lang='lat' dir='ltr'><em>Oenipontum</em></span> <span class='ocrx_word' id='word_1_289' title='bbox 1175 2585 1449 2633; x_wconf 82' lang='lat' dir='ltr'><em>perueniet...»</em></span> <span class='ocrx_word' id='word_1_290' title='bbox 1479 2586 1539 2621; x_wconf 90' lang='lat' dir='ltr'><em>Ex</em></span> <span class='ocrx_word' id='word_1_291' title='bbox 1567 2586 1756 2632; x_wconf 84' lang='lat' dir='ltr'><em>Regesto,</em></span> <span class='ocrx_word' id='word_1_292' title='bbox 1777 2584 1877 2621; x_wconf 86' lang='lat' dir='ltr'><em>Cod.</em></span> <span class='ocrx_word' id='word_1_293' title='bbox 1902 2595 1946 2632; x_wconf 83' lang='lat'><em>33</em></span> <span class='ocrx_word' id='word_1_294' title='bbox 1963 2585 2020 2632; x_wconf 73' lang='lat' dir='ltr'><em>c),</em></span> 
     </span>
     <span class='ocr_line' id='line_1_33' title="bbox 388 2643 1564 2688; baseline -0.002 -9"><span class='ocrx_word' id='word_1_295' title='bbox 388 2644 459 2680; x_wconf 82' lang='lat' dir='ltr'><em>fol.</em></span> <span class='ocrx_word' id='word_1_296' title='bbox 488 2643 568 2688; x_wconf 89' lang='lat'><strong>189.</strong></span> <span class='ocrx_word' id='word_1_297' title='bbox 1554 2649 1564 2660; x_wconf 89' lang='grc'><em>·</em></span> 
     </span>
    </p>

    <p class='ocr_par' dir='ltr' id='par_1_11' title="bbox 387 2693 2077 2869">
     <span class='ocr_line' id='line_1_34' title="bbox 459 2693 2020 2751; baseline 0.001 -13"><span class='ocrx_word' id='word_1_298' title='bbox 459 2703 503 2738; x_wconf 90' lang='lat' dir='ltr'><em>In</em></span> <span class='ocrx_word' id='word_1_299' title='bbox 529 2701 667 2738; x_wconf 87' lang='lat' dir='ltr'><em>eodem</em></span> <span class='ocrx_word' id='word_1_300' title='bbox 692 2701 786 2737; x_wconf 82' lang='lat' dir='ltr'><em>folio</em></span> <span class='ocrx_word' id='word_1_301' title='bbox 810 2702 1002 2748; x_wconf 90' lang='lat' dir='ltr'><em>reperitur</em></span> <span class='ocrx_word' id='word_1_302' title='bbox 1026 2706 1289 2751; x_wconf 87' lang='lat' dir='ltr'><em>apographum</em></span> <span class='ocrx_word' id='word_1_303' title='bbox 1313 2705 1502 2751; x_wconf 89' lang='lat' dir='ltr'><em>epistolae</em></span> <span class='ocrx_word' id='word_1_304' title='bbox 1529 2693 1666 2739; x_wconf 85' lang='lat' dir='ltr'><em>eodem</em></span> <span class='ocrx_word' id='word_1_305' title='bbox 1692 2703 1756 2740; x_wconf 90' lang='lat' dir='ltr'><em>die</em></span> <span class='ocrx_word' id='word_1_306' title='bbox 1779 2714 1802 2749; x_wconf 91' lang='lat'>9</span> <span class='ocrx_word' id='word_1_307' title='bbox 1831 2703 1944 2739; x_wconf 87' lang='lat' dir='ltr'><em>datae</em></span> <span class='ocrx_word' id='word_1_308' title='bbox 1967 2702 2020 2740; x_wconf 78' lang='lat' dir='ltr'><em>ad</em></span> 
     </span>
     <span class='ocr_line' id='line_1_35' title="bbox 387 2760 2077 2810; baseline 0 -12"><span class='ocrx_word' id='word_1_309' title='bbox 387 2760 438 2797; x_wconf 84' lang='lat' dir='ltr'><strong>P.</strong></span> <span class='ocrx_word' id='word_1_310' title='bbox 461 2760 672 2798; x_wconf 89' lang='lat' dir='ltr'><em>Canisium.</em></span> <span class='ocrx_word' id='word_1_311' title='bbox 694 2760 734 2796; x_wconf 91' lang='lat' dir='ltr'><em>in</em></span> <span class='ocrx_word' id='word_1_312' title='bbox 752 2772 828 2808; x_wconf 91' lang='lat' dir='ltr'><em>qua</em></span> <span class='ocrx_word' id='word_1_313' title='bbox 845 2761 893 2796; x_wconf 86' lang='lat' dir='ltr'><em>de</em></span> <span class='ocrx_word' id='word_1_314' title='bbox 911 2762 1041 2797; x_wconf 91' lang='lat' dir='ltr'><em>Natali</em></span> <span class='ocrx_word' id='word_1_315' title='bbox 1060 2768 1099 2798; x_wconf 85' lang='lat' dir='ltr'><em>et</em></span> <span class='ocrx_word' id='word_1_316' title='bbox 1117 2763 1201 2810; x_wconf 88' lang='lat' dir='ltr'><em>ipso</em></span> <span class='ocrx_word' id='word_1_317' title='bbox 1225 2764 1383 2800; x_wconf 88' lang='lat' dir='ltr'><em>Canisio</em></span> <span class='ocrx_word' id='word_1_318' title='bbox 1409 2763 1513 2799; x_wconf 92' lang='lat' dir='ltr'><em>illius</em></span> <span class='ocrx_word' id='word_1_319' title='bbox 1537 2763 1748 2798; x_wconf 88' lang='lat' dir='ltr'><em>adventum</em></span> <span class='ocrx_word' id='word_1_320' title='bbox 1771 2762 2023 2798; x_wconf 77' lang='lat' dir='ltr'><em>desiderante</em></span> <span class='ocrx_word' id='word_1_321' title='bbox 2075 2770 2077 2773; x_wconf 80' lang='grc'><em>·</em></span> 
     </span>
     <span class='ocr_line' id='line_1_36' title="bbox 389 2819 2026 2869; baseline 0.001 -13"><span class='ocrx_word' id='word_1_322' title='bbox 389 2822 485 2856; x_wconf 87' lang='lat' dir='ltr'><em>haee</em></span> <span class='ocrx_word' id='word_1_323' title='bbox 502 2821 706 2855; x_wconf 87' lang='lat' dir='ltr'><em>habentur:</em></span> <span class='ocrx_word' id='word_1_324' title='bbox 728 2819 806 2854; x_wconf 88' lang='lat' dir='ltr'><em>«La</em></span> <span class='ocrx_word' id='word_1_325' title='bbox 822 2820 988 2866; x_wconf 87' lang='lat' dir='ltr'><em>risposta</em></span> <span class='ocrx_word' id='word_1_326' title='bbox 1005 2822 1108 2857; x_wconf 87' lang='lat' dir='ltr'><em>delle</em></span> <span class='ocrx_word' id='word_1_327' title='bbox 1126 2822 1262 2858; x_wconf 90' lang='lat' dir='ltr'><em>ultime</em></span> <span class='ocrx_word' id='word_1_328' title='bbox 1279 2823 1320 2858; x_wconf 91' lang='lat' dir='ltr'><em>di</em></span> <span class='ocrx_word' id='word_1_329' title='bbox 1337 2823 1385 2858; x_wconf 93' lang='lat' dir='ltr'><strong>V.</strong></span> <span class='ocrx_word' id='word_1_330' title='bbox 1405 2823 1469 2866; x_wconf 91' lang='lat' dir='ltr'><strong>R.,</strong></span> <span class='ocrx_word' id='word_1_331' title='bbox 1488 2823 1560 2858; x_wconf 90' lang='lat' dir='ltr'><em>che</em></span> <span class='ocrx_word' id='word_1_332' title='bbox 1578 2833 1673 2858; x_wconf 90' lang='lat' dir='ltr'><em>sono</em></span> <span class='ocrx_word' id='word_1_333' title='bbox 1690 2822 1730 2858; x_wconf 92' lang='lat' dir='ltr'><em>di</em></span> <span class='ocrx_word' id='word_1_334' title='bbox 1746 2821 1793 2858; x_wconf 89' lang='lat'><em>30</em></span> <span class='ocrx_word' id='word_1_335' title='bbox 1810 2821 1872 2858; x_wconf 92' lang='lat' dir='ltr'><em>del</em></span> <span class='ocrx_word' id='word_1_336' title='bbox 1891 2832 2026 2869; x_wconf 79' lang='lat' dir='ltr'><em>passa-</em></span> 
     </span>
    </p>
   </div>
   <div class='ocr_carea' id='block_1_10' title="bbox 388 2878 2025 3108">
    <p class='ocr_par' dir='ltr' id='par_1_12' title="bbox 388 2878 2025 3108">
     <span class='ocr_line' id='line_1_37' title="bbox 388 2878 2023 2929; baseline -0.001 -13"><span class='ocrx_word' id='word_1_337' title='bbox 388 2888 444 2922; x_wconf 63' lang='lat' dir='ltr'><em>·i-o‚</em></span> <span class='ocrx_word' id='word_1_338' title='bbox 462 2878 496 2915; x_wconf 87' lang='lat' dir='ltr'><em>si</em></span> <span class='ocrx_word' id='word_1_339' title='bbox 514 2878 653 2915; x_wconf 89' lang='lat' dir='ltr'><em>manda</em></span> <span class='ocrx_word' id='word_1_340' title='bbox 671 2878 711 2914; x_wconf 90' lang='lat' dir='ltr'><em>in</em></span> <span class='ocrx_word' id='word_1_341' title='bbox 730 2878 942 2925; x_wconf 84' lang='lat' dir='ltr'><em>Hisprueh‚</em></span> <span class='ocrx_word' id='word_1_342' title='bbox 961 2882 1102 2927; x_wconf 79' lang='lat' dir='ltr'><em>perche</em></span> <span class='ocrx_word' id='word_1_343' title='bbox 1123 2882 1292 2917; x_wconf 88' lang='lat' dir='ltr'><em>secondo</em></span> <span class='ocrx_word' id='word_1_344' title='bbox 1311 2883 1347 2918; x_wconf 89' lang='lat' dir='ltr'><em>le</em></span> <span class='ocrx_word' id='word_1_345' title='bbox 1365 2883 1494 2929; x_wconf 90' lang='lat' dir='ltr'><em>parole</em></span> <span class='ocrx_word' id='word_1_346' title='bbox 1520 2882 1592 2917; x_wconf 88' lang='lat' dir='ltr'><em>che</em></span> <span class='ocrx_word' id='word_1_347' title='bbox 1616 2883 1653 2917; x_wconf 91' lang='lat' dir='ltr'><em>la</em></span> <span class='ocrx_word' id='word_1_348' title='bbox 1676 2882 1770 2916; x_wconf 75' lang='lat' dir='ltr'><em>M.t³³</em></span> <span class='ocrx_word' id='word_1_349' title='bbox 1786 2881 1954 2918; x_wconf 85' lang='lat' dir='ltr'><em>Cesarea</em></span> <span class='ocrx_word' id='word_1_350' title='bbox 1970 2881 2023 2916; x_wconf 79' lang='lat' dir='ltr'><em>ha</em></span> 
     </span>
     <span class='ocr_line' id='line_1_38' title="bbox 390 2938 2022 2988; baseline 0.002 -15"><span class='ocrx_word' id='word_1_351' title='bbox 390 2939 498 2974; x_wconf 90' lang='lat' dir='ltr'><em>detto</em></span> <span class='ocrx_word' id='word_1_352' title='bbox 516 2939 550 2973; x_wconf 93' lang='lat' dir='ltr'><em>al</em></span> <span class='ocrx_word' id='word_1_353' title='bbox 569 2942 691 2973; x_wconf 90' lang='lat' dir='ltr'><em>rettor</em></span> <span class='ocrx_word' id='word_1_354' title='bbox 709 2942 841 2973; x_wconf 88' lang='lat' dir='ltr'><em>nostro</em></span> <span class='ocrx_word' id='word_1_355' title='bbox 863 2938 925 2974; x_wconf 89' lang='lat' dir='ltr'><em>del</em></span> <span class='ocrx_word' id='word_1_356' title='bbox 944 2940 1110 2986; x_wconf 86' lang='lat' dir='ltr'><em>collegio</em></span> <span class='ocrx_word' id='word_1_357' title='bbox 1128 2941 1177 2975; x_wconf 87' lang='lat' dir='ltr'><em>de</em></span> <span class='ocrx_word' id='word_1_358' title='bbox 1197 2941 1407 2988; x_wconf 88' lang='lat' dir='ltr'><em>Hispruch‚</em></span> <span class='ocrx_word' id='word_1_359' title='bbox 1426 2942 1461 2976; x_wconf 92' lang='lat' dir='ltr'><em>la</em></span> <span class='ocrx_word' id='word_1_360' title='bbox 1474 2941 1521 2976; x_wconf 92' lang='lat' dir='ltr'><strong>R.</strong></span> <span class='ocrx_word' id='word_1_361' title='bbox 1537 2941 1586 2976; x_wconf 90' lang='lat' dir='ltr'><strong>V.</strong></span> <span class='ocrx_word' id='word_1_362' title='bbox 1603 2952 1625 2976; x_wconf 92' lang='lat' dir='ltr'><em>a</em></span> <span class='ocrx_word' id='word_1_363' title='bbox 1637 2941 1861 2988; x_wconf 88' lang='lat' dir='ltr'><em>quest&#39;hora</em></span> <span class='ocrx_word' id='word_1_364' title='bbox 1877 2939 2022 2975; x_wconf 68' lang='lat' dir='ltr'><em>douera</em></span> 
     </span>
     <span class='ocr_line' id='line_1_39' title="bbox 390 2996 2021 3046; baseline 0.001 -14"><span class='ocrx_word' id='word_1_365' title='bbox 390 3009 498 3033; x_wconf 88' lang='lat' dir='ltr'><em>esser</em></span> <span class='ocrx_word' id='word_1_366' title='bbox 516 2996 685 3032; x_wconf 87' lang='lat' dir='ltr'><em>arriuato</em></span> <span class='ocrx_word' id='word_1_367' title='bbox 704 2996 752 3041; x_wconf 77' lang='lat' dir='ltr'><em>la,</em></span> <span class='ocrx_word' id='word_1_368' title='bbox 771 2996 797 3031; x_wconf 90' lang='lat' dir='ltr'><em>il</em></span> <span class='ocrx_word' id='word_1_369' title='bbox 817 2998 889 3032; x_wconf 89' lang='lat' dir='ltr'><em>che</em></span> <span class='ocrx_word' id='word_1_370' title='bbox 909 2998 966 3032; x_wconf 92' lang='lat' dir='ltr'><em>sia</em></span> <span class='ocrx_word' id='word_1_371' title='bbox 983 2999 1031 3034; x_wconf 88' lang='lat' dir='ltr'><em>ad</em></span> <span class='ocrx_word' id='word_1_372' title='bbox 1049 3000 1171 3035; x_wconf 91' lang='lat' dir='ltr'><em>honor</em></span> <span class='ocrx_word' id='word_1_373' title='bbox 1195 3006 1234 3036; x_wconf 88' lang='lat' dir='ltr'><em>et</em></span> <span class='ocrx_word' id='word_1_374' title='bbox 1257 3000 1381 3046; x_wconf 88' lang='lat' dir='ltr'><em>gloria</em></span> <span class='ocrx_word' id='word_1_375' title='bbox 1403 2999 1452 3035; x_wconf 87' lang='lat' dir='ltr'><em>de</em></span> <span class='ocrx_word' id='word_1_376' title='bbox 1476 2999 1601 3044; x_wconf 91' lang='lat' dir='ltr'><em>Iddio,</em></span> <span class='ocrx_word' id='word_1_377' title='bbox 1625 3004 1665 3035; x_wconf 86' lang='lat' dir='ltr'><em>et</em></span> <span class='ocrx_word' id='word_1_378' title='bbox 1687 2997 1794 3035; x_wconf 77' lang='lat' dir='ltr'><em>accio</em></span> <span class='ocrx_word' id='word_1_379' title='bbox 1816 3000 1889 3034; x_wconf 86' lang='lat' dir='ltr'><em>che</em></span> <span class='ocrx_word' id='word_1_380' title='bbox 1906 3008 2021 3045; x_wconf 85' lang='lat' dir='ltr'><em>possa</em></span> 
     </span>
     <span class='ocr_line' id='line_1_40' title="bbox 389 3055 2025 3108; baseline 0.001 -16"><span class='ocrx_word' id='word_1_381' title='bbox 389 3067 522 3092; x_wconf 88' lang='lat' dir='ltr'><em>essere</em></span> <span class='ocrx_word' id='word_1_382' title='bbox 539 3055 688 3092; x_wconf 86' lang='lat' dir='ltr'><em>aiutato</em></span> <span class='ocrx_word' id='word_1_383' title='bbox 705 3056 809 3091; x_wconf 88' lang='lat' dir='ltr'><em>nelle</em></span> <span class='ocrx_word' id='word_1_384' title='bbox 827 3066 917 3092; x_wconf 86' lang='lat' dir='ltr'><em>cose</em></span> <span class='ocrx_word' id='word_1_385' title='bbox 936 3059 1183 3104; x_wconf 86' lang='lat' dir='ltr'><em>apertenenti</em></span> <span class='ocrx_word' id='word_1_386' title='bbox 1200 3060 1274 3095; x_wconf 89' lang='lat' dir='ltr'><em>alla</em></span> <span class='ocrx_word' id='word_1_387' title='bbox 1299 3058 1540 3108; x_wconf 87' lang='lat' dir='ltr'><em>Compagnia</em></span> <span class='ocrx_word' id='word_1_388' title='bbox 1563 3063 1694 3094; x_wconf 87' lang='lat' dir='ltr'><em>nostra</em></span> <span class='ocrx_word' id='word_1_389' title='bbox 1711 3063 1750 3094; x_wconf 91' lang='lat' dir='ltr'><em>et</em></span> <span class='ocrx_word' id='word_1_390' title='bbox 1768 3059 1804 3094; x_wconf 88' lang='lat' dir='ltr'><em>le</em></span> <span class='ocrx_word' id='word_1_391' title='bbox 1821 3059 1933 3103; x_wconf 71' lang='lat' dir='ltr'><em>altae,</em></span> <span class='ocrx_word' id='word_1_392' title='bbox 1952 3069 2025 3104; x_wconf 85' lang='lat' dir='ltr'><em>per</em></span> 
     </span>
    </p>
   </div>
   <div class='ocr_carea' id='block_1_11' title="bbox 2048 0 2196 504">
    <p class='ocr_par' dir='ltr' id='par_1_13' title="bbox 2048 0 2196 504">
     <span class='ocr_line' id='line_1_41' title="bbox 2048 0 2196 504; baseline 0 3018"><span class='ocrx_word' id='word_1_393' title='bbox 2048 0 2196 504; x_wconf 95' lang='lat' dir='ltr'><em> </em></span> 
     </span>
    </p>
   </div>
  </div>
 </body>
</html>
