2196 3522
972 302 1193 343 Appanmx
1719 363 1724 367 ἱ
1825 313 1893 353 575

268 420 330 463 14.
350 404 512 465 Neque
528 407 757 463 sacerdos,
774 422 925 464 neque
940 407 998 451 ad
1013 408 1155 451 vllum
1171 407 1374 454 ordinem
1391 415 1642 466 promotus.
1669 419 1734 465 15.
1752 410 1897 454 Roma

262 475 309 513 et
331 466 575 523 Monachij.
601 465 767 526 [Mag]
794 481 832 511 1.
852 467 1090 524 Syntaxim
1107 467 1309 522 latinam,
1328 469 1670 526 grammaticam
1686 483 1897 526 graecam

261 535 307 571 et
324 526 545 580 Laelium,
566 526 664 571 siue
680 528 736 570 de
753 526 950 571 amicitia
964 526 1147 581 librum,
1167 527 1332 571 abhinc
1350 536 1441 573 tres
1458 536 1538 572 aut
1554 535 1748 584 quatuor
1764 543 1893 572 men-

263 601 350 630 ses.
388 585 526 645 [Sclz.]
560 598 598 630 1.
629 588 889 642 Antequam
925 585 1190 643 ingrederer
1225 586 1516 640 Societatem,
1548 596 1639 631 tam
1663 588 1897 632 Cameraci

264 661 399 703 quam
417 645 623 700 Lovanii,
637 645 838 702 quinque
855 645 1058 689 fortassis
1075 660 1219 689 annos
1235 660 1416 703 operam
1433 646 1538 692 dedi
1554 647 1716 703 studijs
1732 650 1897 692 huma-

265 705 420 749 nitatis
442 713 488 748 et
509 705 835 762 philosophiae;
859 711 1098 762 postquam
1119 719 1219 748 sum
1237 705 1488 762 ingressus,
1508 707 1780 750 humanitati
1798 715 1899 751 tan-

266 772 360 809 tum
384 772 429 810 et
450 764 702 809 rhetoricae
723 766 838 809 duos
859 778 1005 808 annos
1026 771 1072 807 et
1093 765 1211 821 pluS.
1236 762 1330 823 [IV,
1357 777 1459 823 279,
1486 767 1587 822 280]

358 837 394 868 1.
459 824 654 867 Miclzaefl
669 824 794 880 Spes,
815 836 858 868 2.
883 823 1241 880 Vigintinovem.
1263 837 1304 880 3.
1327 825 1577 881 Hispanus,
1603 826 1899 883 aragonensis

263 891 309 927 et
330 890 796 940 caesaraugustanus:
812 896 853 938 4.
877 884 954 927 An
984 883 1252 940 superstites
1278 885 1444 927 habeat
1470 892 1695 941 parentes.
1721 886 1893 930 Habet.

264 954 308 999 5.
334 943 596 1000 Respondet
622 957 723 987 esse
744 942 927 996 diuites,
951 941 990 985 si
1017 942 1236 986 rationem
1265 942 1336 986 sui
1364 950 1512 987 status
1539 944 1895 989 consideremus:

262 1002 428 1060 quippe
449 1016 554 1046 curn
575 1016 661 1047 nec
687 1001 907 1046 illustrem
934 1001 1074 1045 vitam
1096 1002 1289 1059 degant,
1315 1016 1400 1046 nec
1429 1003 1614 1047 omnino
1641 1005 1895 1060 vulgarem,

262 1062 360 1106 sine
383 1062 474 1105 ullo
496 1060 561 1106 rei
582 1061 858 1106 domesticae
885 1068 1160 1105 nocumento
1188 1061 1359 1117 aliquot
1380 1061 1503 1106 milia
1532 1077 1771 1107 aureorum
1795 1078 1900 1120 pos-

264 1129 365 1166 sent
381 1122 650 1178 expendere.
673 1121 716 1164 6.
737 1121 922 1165 Habere
938 1119 1121 1176 quidem
1139 1122 1300 1164 fratres
1316 1129 1362 1164 et
1383 1136 1576 1176 sorores3
1597 1123 1676 1166 sed
1693 1124 1750 1167 de
1772 1137 1875 1166 soro

263 1181 390 1224 ribus
407 1180 518 1223 nihil
539 1194 671 1238 posse
692 1179 805 1224 certi
827 1181 1015 1231 referre5
1031 1187 1346 1236 praeterquam
1369 1180 1468 1224 illas
1490 1196 1580 1224 non
1603 1195 1704 1225 esse
1724 1197 1899 1239 paupe—

266 1255 353 1294 res;
377 1254 537 1284 verum
559 1255 617 1283 an
638 1254 719 1296 pro
747 1239 920 1283 ratione
941 1238 1012 1282 sui
1033 1246 1180 1283 status
1202 1241 1452 1293 abundent,
1482 1241 1676 1292 dubitat,
1710 1242 1816 1297 quia
1844 1243 1901 1286 de

265 1299 360 1343 suis
386 1298 558 1342 maritis
586 1299 728 1342 multa
754 1298 936 1343 diuersa
962 1298 1159 1352 audiuit;
1191 1299 1263 1355 alij
1295 1299 1416 1342 enim
1444 1299 1602 1343 dicunt
1633 1300 1732 1343 illos
1760 1315 1902 1357 pecu·
1940 1332 1946 1337 -

265 1359 434 1412 ηἰοεοε,
455 1358 527 1414 alij
546 1372 694 1402 secus,
714 1358 958 1402 Caeterum
975 1359 1063 1401 hoc
1080 1372 1222 1401 unum
1239 1358 1325 1402 scit
1340 1359 1439 1402 illos
1456 1374 1555 1404 esse
1573 1359 1713 1403 nobili
1731 1374 1902 1416 genere

263 1426 410 1462 natos.
439 1419 596 1471 Porro,
615 1418 674 1462 de
690 1417 918 1470 fratribus,
938 1417 1054 1461 duos
1068 1418 1252 1472 habere,
1271 1419 1461 1462 alterum
1479 1419 1759 1475 religiosum,
1786 1421 1901 1464 alte—

263 1493 362 1521 rum
384 1478 677 1530 saecularem,
697 1484 742 1521 et
763 1479 886 1520 hunc
909 1477 1110 1520 futurum
1132 1477 1339 1522 ditiorem
1362 1492 1445 1521 suo
1467 1486 1609 1534 patre,
1630 1478 1737 1534 quia
1759 1493 1901 1534 quae-

261 1538 365 1581 dam
387 1536 474 1580 iam
498 1536 740 1593 peculiaria
761 1535 976 1593 possidet,
1001 1543 1048 1580 et
1069 1536 1262 1581 subinde
1284 1537 1419 1580 etiam
1442 1552 1740 1583 successurus
1762 1546 1831 1582 est
1854 1538 1901 1581 in

261 1596 392 1640 bonis
409 1596 623 1652 paternis.
650 1607 692 1650 7.
717 1596 899 1640 Nullam
916 1602 1085 1639 certam
1103 1597 1251 1640 adhuc
1270 1603 1379 1639 tunc
1395 1597 1626 1650 statuisse,
1646 1598 1727 1641 sed
1744 1597 1899 1642 venis-

261 1671 311 1701 se
333 1671 387 1701 ex
405 1655 642 1712 Hispania,
662 1662 714 1698 ut
729 1654 775 1698 in
798 1654 965 1698 familia
982 1655 1152 1703 Rev.mi
1176 1655 1417 1699 cardinalis
1438 1657 1495 1699 de
1517 1657 1559 1699 la
1581 1657 1739 1700 Cueva
1760 1664 1897 1710 esset,

262 1714 340 1771 qui
375 1715 512 1758 illum.
544 1715 671 1759 velut
722 1714 864 1758 filium
902 1714 1163 1771 adoptivum
1205 1714 1251 1758 in
1289 1715 1510 1771 Hispania
1552 1716 1755 1759 futurum
1800 1731 1900 1760 esse

262 1774 419 1818 voluit.
447 1777 588 1818 Porro
619 1788 780 1818 suassu
797 1773 1064 1833 cuius[dam]
1086 1773 1249 1817 nobilis
1271 1774 1354 1817 viri
1377 1774 1579 1831 neglexit
1605 1775 1897 1828 cardinalem,

262 1834 336 1878 cui
358 1848 442 1879 nec
464 1833 616 1877 literas
637 1840 846 1890 paternas
866 1832 1006 1887 dedit,
1031 1841 1078 1877 et
1100 1833 1293 1878 subinde
1314 1834 1411 1890 egit
1433 1836 1602 1878 Romae
1624 1849 1704 1891 per
1725 1849 1894 1878 annum

263 1894 502 1950 quamdam
530 1907 712 1938 causam
740 1892 941 1937 eiusdem
967 1892 1131 1936 nobilis
1157 1892 1241 1936 viri
1262 1894 1382 1950 apud
1411 1893 1638 1937 auditores
1661 1896 1856 1940 Rotae..
1880 1929 1888 1937 .

269 1966 336 1997 12.
377 1954 438 1998 Se
468 1952 562 2008 jam
599 1952 749 2009 egisse
777 1952 917 1996 ferme
949 1952 1105 1996 decem
1139 1966 1282 1996 annos
1317 1953 1363 1995 in
1400 1952 1626 1998 Societate
1664 1953 1898 2009 fuisseque

261 2020 493 2069 receptum
515 2013 685 2056 Rornae
706 2011 750 2054 in
779 2011 913 2054 domo
941 2012 1261 2068 professorum,
1285 2011 1398 2065 sive,
1425 2019 1475 2055 ut
1496 2012 1639 2064 aiunt,
1666 2013 1898 2069 probatio·

262 2072 351 2116 nis.
373 2106 380 2114 .
402 2105 410 2114 .
464 2084 530 2125 14.
571 2072 631 2116 Se
658 2071 915 2127 ingressum
942 2070 1082 2115 fuisse
1109 2071 1382 2116 Societatem
1411 2071 1591 2123 laicum,
1626 2073 1722 2115 sola
1751 2072 1896 2129 prima

262 2139 447 2175 tonsura
478 2130 761 2187 insignitum3
786 2129 832 2172 in
856 2129 1083 2174 Societate
1105 2143 1214 2173 vero
1244 2137 1503 2186 promotum
1526 2145 1626 2174 esse
1661 2133 1718 2175 ad
1747 2146 1899 2175 sacer-

260 2191 435 2234 dotium
476 2197 581 2234 ante
602 2204 746 2233 annos
768 2188 819 2246 (si
847 2196 968 2232 recte
1006 2189 1222 2245 meminit)
1245 2197 1454 2245 quatuor.
1503 2201 1569 2245 15.
1614 2190 1750 2235 Breui
1782 2199 1898 2235 tem-

261 2265 367 2307 pore
388 2250 436 2293 in
457 2249 611 2293 multis
634 2249 789 2301 fuisse,
810 2249 891 2291 sed
913 2248 1084 2292 diutius
1114 2248 1263 2305 egisse
1286 2249 1334 2292 in
1351 2257 1562 2306 quatuor.
1591 2251 1641 2292 In
1671 2250 1899 2306 panormi-

263 2317 369 2353 tano
407 2309 551 2352 tribus
587 2307 740 2362 annis,
780 2309 959 2351 duobus
996 2307 1042 2350 in
1084 2307 1308 2354 nouitiatu
1345 2315 1392 2351 et
1421 2309 1642 2364 reliquum
1683 2309 1898 2365 temporis

262 2369 309 2412 in
346 2368 539 2425 collegio
574 2382 854 2424 syracusano
886 2374 990 2410 octo
1026 2368 1100 2410 vel
1141 2368 1298 2412 decem
1335 2367 1588 2419 mensibus;
1629 2368 1675 2410 in
1714 2383 1899 2412 romano

263 2429 382 2472 ultra
404 2442 588 2480 annum,
614 2427 652 2471 si
679 2426 946 2470 numerandi
969 2434 1076 2469 sunt
1099 2426 1270 2482 aliquot
1293 2441 1473 2471 menses
1501 2427 1666 2482 quibus
1699 2428 1783 2471 fuit
1806 2430 1899 2484 Ty-

264 2487 382 2541 buri3
426 2487 474 2530 in
510 2486 734 2544 genuensi
763 2487 903 2530 ferme
947 2485 1091 2528 tribus
1127 2485 1288 2540 annis;
1318 2485 1365 2529 in
1394 2486 1592 2530 amerino
1625 2501 1716 2529 uno
1749 2501 1887 2530 anno.

265 2546 574 2591 Concionatus
589 2552 660 2590 est
675 2545 810 2591 etiam
827 2546 885 2589 ab
901 2560 956 2590 eo
973 2552 1191 2601 tempore,
1212 2559 1302 2600 quo
1318 2553 1414 2590 erat
1436 2545 1649 2589 novitius:
1670 2553 1898 2589 caeterum

265 2606 410 2651 serius
436 2605 506 2649 his
534 2604 678 2649 tribus
713 2604 883 2648 ultimis
918 2604 1069 2658 annis;
1109 2604 1330 2661 siquidem
1361 2605 1470 2648 alias
1492 2605 1538 2647 in
1566 2604 1823 2649 carceribus
1852 2613 1898 2649 et

266 2664 532 2720 xenodochij
563 2671 739 2708 tantum
767 2664 964 2709 habebat
992 2663 1248 2718 conciones3
1272 2663 1344 2708 his
1365 2678 1474 2708 vero
1505 2663 1744 2719 postremis
1769 2664 1899 2708 annis

264 2725 376 2768 illud
396 2723 544 2781 ipsum
566 2723 794 2768 interdum
816 2723 938 2777 fecit,
964 2723 1044 2768 sed
1060 2722 1342 2779 potissimum
1364 2723 1558 2780 singulis
1575 2722 1735 2766 diebus
1751 2723 1897 2766 dorni-

263 2783 378 2828 nicis
399 2790 445 2828 et
461 2782 561 2839 alijs
576 2782 846 2838 quibusdam
862 2782 1024 2826 diebus
1041 2781 1168 2827 festis
1188 2781 1236 2825 in
1256 2782 1449 2839 publicis
1467 2781 1659 2838 templis,
1682 2789 1776 2825 tum
1800 2783 1898 2826 Ge-

262 2857 398 2896 nuae,
417 2849 513 2885 tum
530 2841 576 2886 in
593 2856 770 2886 summo
786 2843 955 2899 templo
973 2841 1218 2895 Camerini,
1238 2848 1465 2898 postremo
1482 2841 1655 2897 Tyburi
1672 2841 1718 2883 in
1742 2849 1898 2886 nostro

263 2902 447 2959 templo,
472 2907 519 2945 et
540 2900 751 2945 Ameriae
771 2900 907 2945 etiam
928 2901 975 2944 in
996 2908 1155 2945 nostro
1177 2901 1360 2957 templo,
1386 2908 1431 2946 et
1453 2900 1499 2943 in
1516 2914 1693 2943 summo
1715 2900 1813 2945 eius
1830 2901 1897 2944 ci-

262 2961 418 3005 vitatis
441 2961 623 3016 templo.
653 2961 748 3017 [IV,
774 2960 991 3018 252-256]
1816 2985 1820 2990 ’

360 3033 397 3064 1.
463 3020 737 3063 Chamo-me
760 3020 948 3062 Nicolao
973 3019 1192 3063 Gracida.
1219 3031 1261 3062 2.
1287 3019 1382 3064 Sou
1404 3019 1461 3062 de
1482 3018 1609 3062 uinte
1630 3033 1655 3061 e
1676 3018 1791 3062 dous
1813 3033 1896 3062 an-

266 3095 365 3125 nos.
393 3093 433 3136 3.
459 3080 530 3124 Da
551 3078 710 3123 cidade
737 3079 795 3123 de
812 3079 1078 3135 ‘Valenca...
1115 3091 1182 3134 14.
1207 3079 1514 3124 Recebeo-me
1536 3092 1563 3121 o
1587 3078 1732 3122 Padre
1754 3078 1896 3123 Mirao
