2196 3522
864 298 868 302 ,
911 265 1132 323 Appennnr
1761 263 1832 315 605

291 369 455 429 Questi
476 370 685 416 debbeno
705 372 955 429 prouedere
973 373 1077 415 tutt’
1098 371 1129 414 il
1145 368 1338 428 collegio
1354 368 1400 414 di
1416 377 1547 415 santo
1565 345 1834 415 Hieronimo

205 439 251 477 et
273 439 390 476 tutta
409 433 440 475 1’
459 431 707 475 vniuersita
722 432 780 476 de
799 431 985 488 Dilinga
1000 431 1118 475 delle
1136 430 1332 476 lectione
1353 431 1612 489 theologiae,
1632 431 1833 487 philoso-

206 493 352 549 phiae,
371 493 418 534 in
442 492 631 545 artibus,
654 492 705 534 in
726 492 905 549 linguis
925 492 1032 534 etin
1049 488 1383 549 grcimmatica:
1403 492 1525 534 hano
1547 490 1592 534 di
1613 490 1832 548 disputat,

209 552 435 595 declamat
456 557 502 596 et
524 552 590 594 far
613 558 732 594 tutto
753 551 904 607 quello
919 552 1011 594 che
1032 564 1257 595 0011001110
1277 551 1319 593 13
1346 550 1558 594 dottrina.

298 613 370 655 De
391 610 470 678 piu
490 613 612 654 hano
633 612 690 654 de
711 611 956 663 con-fessar,
980 609 1288 654 communicar
1308 609 1339 652 li
1366 610 1559 653 scholari
1586 610 1783 654 secondo
1803 610 1836 653 l'

210 670 494 715 institutione
510 671 567 715 de
588 670 789 727 Dilinga,
814 677 860 715 et
881 684 968 714 con
983 661 1123 726 quelli
1139 670 1224 714 che
1241 676 1485 713 trouarano
1500 669 1701 727 proposti
1717 672 1837 714 hano

209 730 255 774 di
278 731 345 773 far
365 731 394 773 1’
419 729 708 773 instruttione
730 737 776 775 et
797 729 996 786 exercitij
1018 728 1254 786 spirituali,
1275 736 1363 773 etc.

298 790 332 833 Il
360 789 556 857 collegio
584 790 743 834 adesso
769 791 829 833 ha
864 790 927 832 fin
955 804 982 832 a
1008 803 1052 846 9,
1082 803 1110 832 o
1146 788 1556 841 uer0,x1ettione.
1589 790 1663 832 Ha
1688 789 1730 833 le
1758 803 1837 834 soe

209 849 369 902 classe,
395 859 440 894 et
462 849 582 893 circa
612 855 772 905 questo
799 846 832 891 il
858 848 1051 905 collegio
1081 822 1313 891 Societat’is
1340 849 1399 892 ha
1425 849 1483 893 de
1512 851 1680 892 hauere
1702 863 1839 906 supe-

209 908 378 962 riorita,
403 916 449 952 et
471 908 577 952 tutti
596 908 628 952 li
648 907 845 953 debbino
866 907 1051 953 obedire
1071 914 1118 951 et
1144 907 1416 965 honorargli.

299 968 433 1012 Circa
453 968 500 1011 di
520 975 681 1025 questo
702 969 761 1011 m’
786 968 1029 1012 accordaro
1049 981 1137 1010 con
1157 966 1188 1009 il
1206 969 1264 1011 P.
1291 967 1457 1012 Laines
1473 974 1519 1011 et
1535 966 1567 1010 11
1584 969 1637 1011 P.
1658 968 1836 1012 Ν31310.

211 1028 494 1073 Similmente
515 1042 559 1070 m
565 1028 823 1072 ’accordaro
843 1027 963 1071 circa
990 1026 1021 1069 il
1047 1033 1252 1080 rettore,·
1261 1035 1456 1085 sceptro,
1487 1026 1638 1084 sigillo
1658 1035 1704 1072 et
1726 1029 1841 1071 altro

212 1094 477 1131 ornamento
497 1088 571 1132 del
592 1087 784 1145 collegio
805 1093 851 1132 et
871 1087 903 1129 l’
933 1085 1198 1131 uniuersita.

214 1193 217 1195 ,
302 1149 359 1190 Et
381 1147 458 1204 gia
477 1149 537 1191 ho
557 1154 748 1204 pregato
769 1146 801 1189 il
822 1147 940 1190 Rdo.
978 1148 1032 1190 P.
1064 1147 1225 1190 Natale
1253 1144 1299 1189 di
1325 1152 1487 1190 metter
1512 1146 1611 1213 1010
1631 1146 1842 1214 opinione

213 1206 260 1250 in
281 1206 454 1260 scritto,
485 1214 531 1251 et
557 1207 698 1250 dirme
724 1205 1019 1274 liberamente
1046 1206 1113 1249 lor
1140 1220 1317 1262 parere,
1347 1219 1476 1250 come
1502 1205 1541 1249 si
1563 1206 1709 1263 potria
1731 1220 1841 1250 con-

214 1266 437 1323 giungere
458 1273 616 1323 queste
639 1273 705 1309 tre
725 1265 934 1323 imprese,
958 1265 1058 1309 0100
1080 1264 1111 1308 11
1131 1265 1327 1322 collegio
1348 1264 1393 1308 di
1409 1267 1536 1323 Jesu‚
1561 1279 1692 1311 come
1708 1280 1839 1322 capo,

214 1326 245 1368 il
261 1325 455 1383 collegio
472 1325 518 1369 di
534 1332 664 1369 santo
681 1325 964 1379 Hieronimo‚
984 1339 1115 1369 come
1128 1326 1345 1377 membro,
1365 1332 1411 1369 et
1427 1326 1456 1368 l’
1477 1325 1725 1370 uniuersita
1741 1340 1845 1382 pre-

214 1393 343 1430 sente
364 1386 421 1428 de
444 1385 645 1442 theologi
666 1393 712 1430 et
733 1385 900 1438 artisti‚
925 1392 971 1429 et
992 1385 1034 1429 la
1055 1385 1207 1429 futura
1234 1386 1319 1429 che
1347 1399 1434 1428 con
1464 1384 1496 1427 il
1527 1392 1676 1442 tempo
1698 1384 1843 1442 potria

212 1445 366 1490 venire
388 1445 493 1488 delli
513 1445 751 1499 03110111511,
774 1444 927 1502 legisti
956 1451 1000 1490 et
1029 1444 1213 1499 medici,
1245 1444 1429 1488 acioche
1455 1443 1500 1487 in
1533 1445 1643 1502 ogni
1664 1459 1770 1489 caso
1792 1459 1842 1488 se

213 1505 279 1549 sia
301 1504 526 1561 praeuisto
548 1513 718 1561 quanto
738 1504 996 1562 bisognera.
1025 1506 1128 1549 Vna
1148 1518 1254 1548 cosa
1274 1512 1570 1562 grauamente
1591 1505 1653 1547 mi
1669 1519 1840 1562 preme,

213 1564 310 1608 0100
332 1565 417 1608 0110
437 1564 469 1607 11
490 1563 682 1621 collegio
703 1564 919 1608 moderno
939 1578 1031 1608 non
1059 1565 1118 1608 ha
1149 1571 1273 1607 tante
1301 1564 1475 1608 intrade
1503 1572 1674 1620 quante
1694 1565 1841 1617 basta,

212 1631 257 1668 et
280 1623 390 1681 ogni
411 1638 530 1668 anno
552 1623 596 1668 io
617 1623 849 1681 aggiongo
877 1634 988 1679 1500
1009 1622 1173 1676 fiorini,
1199 1623 1320 1679 quali
1342 1637 1428 1667 con
1449 1623 1480 1666 li
1508 1637 1619 1679 1400
1635 1623 1843 1681 perpetui

214 1684 318 1728 fano
341 1695 474 1741 2900,
498 1690 544 1728 et
571 1696 654 1727 100
675 1683 797 1740 quali
818 1682 856 1727 si
876 1683 995 1726 dano
1016 1683 1091 1727 alli
1111 1683 1251 1739 ollarij
1276 1683 1320 1726 fa
1341 1682 1388 1726 in
1405 1690 1525 1727 tutto
1543 1697 1659 1739 3000
1675 1682 1839 1726 fiorini.

303 1744 419 1796 Hor,
443 1743 769 1787 considerando
790 1744 891 1796 che,
915 1743 1125 1788 hauendo
1147 1742 1178 1785 il
1204 1742 1398 1799 collegio
1419 1743 1651 1786 Societatis
1665 1743 1777 1801 jesu
1799 1742 1844 1785 di

215 1803 465 1860 prouedere
487 1809 612 1847 tante
632 1802 846 1856 lectione,
870 1802 1064 1860 bisogna
1089 1804 1175 1847 che
1201 1801 1329 1846 siano
1350 1802 1499 1855 molti,
1524 1817 1617 1846 non
1644 1803 1741 1846 solo
1763 1817 1845 1858 per

215 1862 365 1906 lettori
385 1862 605 1916 moderni,
628 1877 702 1906 ma
722 1876 802 1919 per
822 1861 994 1906 nutrire
1022 1861 1171 1906 alcuni
1202 1860 1444 1907 sufficienti
1465 1862 1695 1919 discipuli,
1721 1861 1843 1918 quali

216 1921 398 1979 possino
425 1936 511 1966 con
538 1921 570 1965 il
598 1929 751 1978 tempo
781 1922 998 1967 succeder
1031 1921 1138 1966 nelli
1174 1921 1293 1965 lochi
1320 1921 1366 1964 di
1393 1921 1727 1978 praedecessori
1760 1935 1847 1965 con

216 1981 433 2025 continua
459 1988 582 2026 certa
608 1980 894 2026 successione
921 1981 967 2024 in
996 1988 1113 2026 tutte
1139 1981 1181 2025 le
1209 1982 1392 2026 faculta.
1424 1981 1561 2027 Siche
1581 1983 1846 2026 haueranno

216 2041 262 2085 di
283 2040 477 2098 bisogno
498 2040 544 2084 di
570 2042 663 2085 bon
690 2055 879 2086 numero
904 2048 951 2085 et
977 2040 1357 2085 intratenimento.
1387 2042 1477 2086 Per
1504 2041 1535 2084 il
1562 2042 1694 2097 quale
1721 2039 1848 2085 vorei

216 2100 452 2158 assignare
472 2101 589 2145 delle
610 2107 827 2158 perpetue
847 2100 1024 2145 intrade
1046 2101 1132 2144 800
1163 2100 1344 2159 fiori[ni]
1373 2099 1420 2143 di
1448 2100 1587 2156 quelli
1614 2101 1688 2144 del
1709 2101 1849 2144 colle-

217 2159 295 2217 gio
316 2160 362 2203 di
390 2170 520 2204 santo
548 2159 836 2212 Hieronimo,
867 2159 988 2216 quali
1014 2161 1135 2203 hano
1158 2173 1245 2215 400
1272 2160 1320 2203 in
1347 2161 1589 2205 Schoneck
1615 2167 1662 2204 et
1689 2172 1777 2214 400
1798 2159 1846 2201 in

217 2219 532 2277 Meremingen
557 2221 588 2273 ¹,
612 2234 700 2263 con
721 2218 959 2276 priuilegio
980 2219 1089 2276 pero
1105 2221 1191 2264 che
1206 2219 1238 2263 il
1259 2219 1451 2277 collegio
1468 2219 1514 2263 di
1530 2226 1662 2263 santo
1680 2218 1847 2263 Hiero-

218 2279 341 2323 nimo
361 2294 449 2323 con
469 2278 808 2336 assignamento
829 2279 887 2323 de
907 2278 1008 2322 altri
1031 2279 1144 2322 tanti
1166 2286 1345 2336 potesse
1367 2280 1615 2324 rescedere.
1644 2278 1727 2322 Poi
1748 2292 1849 2321 vor-

219 2339 285 2383 rei
309 2339 541 2396 assignare
562 2353 695 2395 sopra
715 2338 747 2381 il
768 2338 983 2395 deputato
1004 2337 1095 2382 mio
1116 2338 1226 2396 ogni
1247 2353 1367 2382 anno
1383 2338 1503 2382 mille
1525 2337 1675 2382 fiorini
1697 2337 1743 2380 in
1760 2337 1849 2380 mia

219 2398 329 2451 vita,
353 2405 399 2442 et
420 2405 581 2454 questo
603 2399 844 2442 sarebbero
872 2398 983 2441 1800
1002 2397 1367 2452 fiorini'renensi‚
1393 2398 1439 2441 di
1454 2405 1635 2442 moneta
1651 2397 1697 2440 di
1714 2396 1849 2452 quin-

221 2457 322 2502 deci
343 2457 486 2512 bazzi,
517 2457 638 2513 quali
667 2458 771 2501 fano
799 2469 909 2500 1200
936 2456 1065 2500 scudi
1086 2458 1131 2500 d’
1155 2472 1253 2502 oro.
1287 2457 1492 2502 Restaria
1519 2458 1561 2500 al
1591 2456 1783 2513 collegio
1805 2455 1851 2498 di

223 2524 353 2560 santo
375 2517 640 2561 Hieronimo
667 2516 772 2561 delli
800 2515 924 2560 censi
952 2516 1158 2573 perpetui
1186 2516 1232 2560 in
1261 2518 1476 2572 Augusta
1504 2518 1590 2560 600
1618 2514 1780 2559 fiorini.
1806 2516 1850 2558 A

224 2583 384 2632 questo
405 2576 449 2619 io
471 2575 768 2633 aggiongerei
790 2575 891 2618 altri
912 2576 999 2619 600
1020 2575 1183 2630 fiorini,
1208 2576 1329 2632 quali
1351 2578 1456 2620 fano
1485 2589 1595 2620 1200
1624 2574 1771 2618 fiorini
1792 2575 1850 2618 de

224 2635 434 2691 quindeci
454 2635 597 2690 bazzi,
622 2643 668 2679 et
694 2635 811 2679 saria
837 2634 966 2678 scudi
988 2635 1075 2678 800
1102 2636 1146 2678 d'
1172 2650 1267 2680 oro.
1294 2637 1396 2680 Con
1417 2643 1578 2692 questo
1600 2634 1849 2678 intratene-

222 2695 349 2739 riano
371 2694 402 2737 li
431 2707 480 2750 13
503 2694 673 2738 alumni
701 2694 958 2751 episcopali,
982 2695 1049 2737 lor
1069 2695 1258 2749 decano,
1289 2710 1428 2740 ouero
1455 2702 1639 2748 rettore,
1663 2693 1695 2736 li
1716 2707 1849 2737 0000-

222 2754 345 2798 nomi
367 2769 446 2811 per
467 2755 566 2798 loro
587 2761 634 2798 et
654 2753 685 2797 li
706 2753 965 2806 conuittori,
991 2752 1023 2796 li
1044 2753 1184 2809 ollarij
1213 2761 1259 2798 et
1281 2755 1394 2799 altre
1422 2769 1551 2811 spese
1579 2752 1847 2798 necessarie.

312 2816 401 2859 Per
417 2813 679 2858 intratenire
697 2813 727 2856 il
744 2820 884 2857 rettor
894 2813 980 2858 del’
992 2813 1496 2867 vniuersita‚i1bidello,
1510 2821 1555 2857 et
1572 2814 1683 2856 altre
1700 2827 1847 2869 spese,

221 2888 270 2919 se
293 2876 457 2918 0311013
478 2873 583 2918 (10111
620 2872 812 2917 scholari
840 2872 902 2915 dil
929 2879 1058 2916 santo
1095 2872 1359 2917 Hieronimo
1387 2873 1491 2917 delli
1519 2872 1685 2918 esterni
1713 2878 1758 2915 et
1779 2871 1850 2914 in·-

296 3064 309 3086 ¹
359 3063 537 3103 obscure
554 3067 767 3099 exaratum.

370 3154 487 3185 Emsr.
510 3153 550 3184 P.
574 3129 709 3190 Nion,
730 3153 817 3182 Tou.
840 3151 886 3182 11.
1678 3149 1714 3182 ⁴0
