2196 3522
270 264 341 342 458
839 293 978 328 EPIST.
1005 291 1049 326 P.
1078 290 1349 338 NADAL—334
1382 336 1383 339 Ἴ

271 412 320 441 se
341 397 371 439 li
394 395 608 438 mandata
629 393 672 437 la
694 400 832 450 gente
855 407 936 449 per
957 392 1275 446 Valentienna,
1301 393 1448 438 insino
1470 409 1495 437 a
1518 401 1644 438 tanto
1665 396 1750 438 che
1767 395 1908 451 paghi

270 474 301 515 il
322 472 486 515 viatico
508 469 613 514 delli
636 470 753 524 altri,
777 477 824 514 et
845 470 889 512 lo
916 467 1068 512 mandi
1096 483 1175 525 per
1197 468 1228 512 li
1256 470 1381 524 noui,
1412 477 1458 514 et
1485 485 1578 514 non
1606 485 1747 527 penso
1775 485 1906 515 man-

269 541 539 605 cara‘gente
568 561 647 603 per
676 545 979 591 Valentienna
1015 547 1044 599 Ι;
1085 546 1185 588 anzi
1220 554 1374 603 presto
1410 547 1635 591 crediamo
1671 547 1717 590 di
1755 547 1904 603 quella

269 627 430 670 istessa
450 624 686 682 prouincia
707 623 749 667 01
770 626 893 667 serra
915 629 1055 679 gente
1075 637 1155 680 per
1183 623 1263 666 dar
1292 623 1510 680 principio
1537 625 1594 666 ad
1621 639 1682 667 un
1709 624 1902 681 collegio

268 705 315 746 in
334 703 463 755 Lilla,
483 709 528 747 et
550 703 634 745 che
656 701 959 758 agiutaranno
976 701 1131 743 l’anno
1147 702 1232 745 che
1255 700 1388 744 uiene
1405 715 1484 756 per
1506 701 1655 756 quello
1671 702 1728 746 de
1748 703 1898 757 Duay:

268 789 315 825 et
337 782 392 824 V.
421 781 475 823 R.
502 779 658 835 sappia
678 780 764 822 che
786 777 832 820 in
855 778 1004 833 quelle
1032 777 1179 820 bande
1207 777 1264 822 de
1293 776 1486 821 Fiandra
1513 791 1667 822 cresce
1695 778 1837 821 molto
1859 779 1903 821 la

267 856 514 901 deuotione
545 856 663 899 della
691 854 990 911 Compagnia,
1023 861 1068 898 et
1090 862 1282 899 entrano
1306 853 1481 908 diuersi,
1501 853 1609 897 boni
1637 854 1824 911 sugetti,
1857 855 1902 898 in

269 933 475 978 Louanio
498 933 691 976 maxime
714 939 759 977 et
780 932 827 974 in
850 931 1055 984 Colonia,
1080 939 1126 975 et
1147 933 1292 975 anche
1309 931 1354 975 in
1379 933 1576 988 Tornay;
1597 939 1643 974 et
1660 930 1739 988 piu
1756 938 1906 987 presto

269 1011 300 1054 li
316 1025 477 1054 manca
492 1010 524 1053 il
540 1011 675 1053 modo
692 1010 749 1054 de
766 1007 1029 1052 sustentarli
1047 1010 1132 1051 che
1149 1009 1279 1061 altro;
1300 1009 1378 1051 sed
1394 1009 1552 1051 anima
1562 1009 1670 1064 plus
1687 1011 1752 1051 est
1768 1022 1904 1064 quam

267 1103 382 1141 esca,
399 1091 439 1130 et
454 1092 617 1144 corpus
626 1087 734 1142 plus
753 1100 890 1142 quam
907 1086 1240 1128 uestimentum.
1268 1087 1357 1129 Per
1377 1085 1508 1129 finire
1529 1092 1687 1140 questa
1719 1084 1906 1129 materia

268 1166 327 1210 de
342 1164 525 1221 collegii
547 1162 671 1216 noui,
697 1164 755 1207 V.
782 1164 835 1205 R.
862 1163 1032 1205 hauera
1049 1161 1221 1205 intesso
1246 1163 1351 1217 quel
1379 1164 1463 1206 che
1490 1162 1654 1206 scrisse
1675 1161 1706 1204 il
1736 1164 1787 1205 P.
1814 1163 1905 1205 Ca-

268 1242 384 1285 nisio
412 1242 485 1285 del
513 1240 846 1296 herbipolense,
882 1253 1011 1282 come
1033 1239 1089 1282 ad
1116 1238 1227 1295 ogni
1257 1240 1390 1282 modo
1420 1239 1641 1283 uorrebbe
1664 1239 1731 1282 far
1757 1238 1788 1281 11
1810 1230 1903 1281 001-

268 1319 406 1375 legio,
431 1326 477 1362 et
498 1319 583 1361 che
608 1318 663 1361 V.
690 1318 743 1359 R.
771 1314 950 1359 andassi
974 1315 1036 1358 fin
1058 1316 1116 1369 la,
1142 1323 1187 1360 et
1209 1315 1329 1359 circa
1344 1316 1562 1368 l’andare,
1583 1330 1610 1358 0
1633 1330 1740 1368 11011,
1766 1317 1899 1360 N.·P.

268 1411 318 1440 se
342 1396 520 1440 rimette
542 1409 568 1438 a
590 1395 647 1437 V.
677 1395 750 1446 R.‚
776 1399 821 1437 et
849 1394 993 1436 anche
1023 1399 1192 1449 quanto
1220 1393 1262 1436 al
1290 1393 1568 1449 prometterli
1588 1393 1631 1435 la
1660 1400 1798 1449 gente
1826 1407 1906 1449 per

268 1474 314 1515 lo
336 1488 454 1516 anno
477 1474 561 1515 che
586 1471 718 1514 uiene
739 1471 773 1523 ³3
794 1485 881 1522 ma,
907 1469 1032 1513 accio
1054 1469 1092 1513 si
1115 1484 1247 1526 possa
1268 1469 1435 1526 meglio
1457 1470 1675 1514 risoluere
1698 1472 1755 1514 V.
1781 1471 1855 1523 R.‚
1875 1469 1907 1512 li

345 1625 352 1643 ¹
406 1621 506 1656 Vide
526 1619 647 1666 epist.
670 1619 754 1663 285,
774 1630 817 1653 n.
842 1627 877 1662 2;
898 1623 938 1653 et
956 1617 1041 1663 312,
1060 1621 1104 1653 n'.
1127 1617 1167 1653 8.

276 1686 279 1688 ’
341 1685 354 1703 2
406 1682 465 1716 De
484 1678 624 1715 litteris
643 1677 792 1714 Canisii
810 1677 833 1711 6
858 1677 1091 1713 Novembris
1110 1677 1159 1713 ad
1178 1678 1356 1714 Lainium
1374 1678 1475 1713 datis
1499 1679 1595 1714 haec
1619 1678 1811 1725 intellige,
1839 1679 1908 1715 ubi

269 1743 366 1777 haec
385 1741 485 1776 inter
503 1739 578 1775 alia
601 1737 859 1784 reperiuntur:
889 1737 1010 1772 «Fuit
1028 1737 1130 1784 apud
1155 1749 1217 1773 me
1241 1737 1495 1773 cancellarius
1520 1738 1804 1785 herbipolensis
1829 1739 1908 1785 epi—

269 1801 391 1847 scopi,
418 1804 456 1834 et
487 1798 589 1834 serio
614 1798 711 1833 ursit
736 1808 893 1832 causam
919 1796 1090 1842 collegii,
1118 1796 1310 1844 simulque
1338 1797 1514 1844 promisit
1540 1798 1764 1844 episcopum
1792 1810 1905 1834 suum

273 1870 364 1895 1000
382 1858 534 1894 daleros
554 1862 596 1893 ut
615 1856 815 1892 minimum
834 1855 1203 1903 suppedita[tu]rum
1227 1856 1383 1892 nostris:
1404 1857 1477 1892 hoc
1495 1869 1615 1892 unum
1633 1857 1906 1893 nuncdeside-

270 1919 346 1955 rari
360 1918 467 1961 dicit,
490 1923 532 1953 ut
555 1915 859 1970 respondeamus
878 1927 926 1950 an
945 1915 1112 1950 uelimus
1129 1915 1403 1962 herbipolense
1421 1917 1628 1962 collegium
1647 1916 1852 1963 auspicari,
1873 1915 1906 1951 si

269 1991 318 2014 ea
332 1982 578 2026 praestentur
596 1976 645 2011 ab
663 1975 862 2022 episcop0‚
882 1986 981 2021 quae
995 1975 1043 2010 ad
1057 1976 1267 2021 collegium
1282 1981 1460 2022 spectant
1473 1988 1522 2013 ex
1537 1987 1642 2012 more
1657 1976 1777 2011 nostri
1795 1975 1905 2011 insti-

268 2039 360 2075 tuti.
392 2037 491 2072 Nam
523 2035 680 2071 omnino
708 2034 953 2070 obfirmatum
985 2046 1073 2070 esse
1097 2035 1210 2070 huius
1241 2035 1428 2071 antistitis
1452 2035 1622 2071 animum
1653 2036 1693 2071 in
1719 2034 1905 2082 erigenda

269 2098 417 2143 schola,
437 2095 485 2131 ad
502 2107 618 2142 quam
637 2094 732 2130 alios
751 2094 847 2129 uelit
865 2094 1106 2140 professores
1125 2106 1339 2141 accersere,
1359 2096 1392 2131 si
1410 2095 1576 2131 nolimus
1594 2101 1746 2131 nostros
1765 2107 1811 2130 eo
1837 2095 1904 2131 de-

269 2158 433 2193 stinare.
458 2154 644 2190 Probauit
662 2154 817 2189 interim
842 2154 1111 2200 cancellarius,
1129 2166 1218 2193 cum
1235 2154 1407 2190 dicerem
1425 2155 1536 2190 nobis
1554 2155 1749 2190 insuetum
1769 2160 1809 2190 et
1828 2166 1906 2190 mo-

271 2219 412 2253 lestum
432 2227 520 2251 esse
539 2225 682 2261 paucos
700 2213 808 2259 dare,
828 2219 867 2248 et
882 2213 1122 2259 professores
1141 2219 1291 2249 tantum
1310 2214 1480 2259 mittere3
1496 2219 1556 2250 sat
1570 2226 1657 2250 esse
1672 2215 1847 2261 putabat,
1865 2215 1899 2250 si

269 2278 409 2312 saltem
427 2275 475 2310 ad
494 2279 683 2310 aestatem
703 2273 881 2308 mittendi
903 2271 1011 2319 spem
1031 2272 1263 2309 faceremus.
1290 2274 1461 2309 Adiunxi
1474 2275 1544 2309 hac
1562 2274 1610 2310 de
1624 2286 1665 2309 re
1680 2274 1774 2309 nihil
1790 2286 1905 2321 posse

268 2335 462 2378 concludi,
478 2333 554 2369 nisi
567 2332 839 2368 consentiente
854 2333 904 2367 R.
925 2333 976 2367 T.
989 2360 997 2377 ,
1013 2338 1052 2368 et
1067 2344 1170 2368 nunc
1184 2333 1338 2368 Patrem
1356 2333 1662 2369 commissarium
1677 2345 1754 2369 non
1770 2335 1901 2380 procul

269 2397 431 2438 abesse,
456 2393 523 2440 qui
548 2392 731 2427 maiorem
756 2404 872 2438 quam
897 2403 971 2437 ego
997 2392 1271 2428 authoritatem
1299 2393 1514 2429 obtineret:
1540 2405 1629 2429 cum
1651 2395 1723 2429 hoc
1747 2405 1901 2440 quoque

269 2466 384 2501 posse
403 2452 570 2489 conferri
600 2451 815 2497 negotium.
836 2451 1038 2486 Indicabat
1057 2451 1122 2487 ille
1146 2451 1361 2488 antistitem
1385 2453 1495 2488 breui
1519 2452 1695 2488 fortassis
1719 2458 1902 2488 euocatu-

269 2526 354 2549 rum
374 2513 421 2548 P.
444 2512 639 2556 Natalem,
658 2509 881 2557 priusquam
900 2522 920 2545 e
940 2510 1150 2546 Germania
1168 2511 1233 2546 ille
1251 2511 1444 2547 discedat.
1468 2512 1584 2558 Quod
1602 2512 1635 2547 si
1652 2512 1734 2558 fiet,
1749 2524 1826 2547 non
1845 2513 1900 2547 in-

267 2573 490 2608 consultum
515 2575 692 2617 putarem
712 2574 753 2604 ut
777 2570 848 2604 1130
873 2569 911 2604 111
936 2575 1045 2616 parte
1070 2571 1172 2605 bono
1194 2571 1500 2616 gratificaremur
1524 2571 1720 2618 episcopo,
1746 2577 1786 2607 et
1811 2581 1899 2606 con-

267 2632 515 2667 cluderemus
534 2629 691 2665 tandem
716 2628 862 2675 aliquid
880 2629 929 2672 (si
954 2629 1007 2664 ita
1030 2630 1249 2665 consentiat
1271 2630 1318 2665 R.
1344 2631 1416 2675 T.)
1440 2631 1489 2666 de
1512 2631 1678 2676 collegio
1695 2632 1833 2666 saltem
1851 2631 1900 2666 ad

270 2690 430 2726 aestatis
449 2689 679 2736 principium
697 2689 760 2723 uel
785 2688 955 2724 medium
974 2688 1203 2724 inchoando.
1225 2690 1313 2736 Qua
1330 2690 1379 2725 de
1397 2702 1438 2725 re
1457 2692 1604 2726 moneri
1621 2691 1736 2737 cupio
1754 2691 1799 2725 P.
1826 2690 1902 2725 Na-

272 2752 387 2786 talem
407 2755 448 2784 ut
466 2748 700 2795 explicatam
717 2748 859 2783 habeat
876 2748 1113 2783 sententiam
1131 2749 1176 2784 R.
1193 2749 1243 2784 T.
1256 2776 1264 2793 ,
1279 2750 1509 2785 affirmatiue
1523 2749 1687 2794 scilicet,
1703 2751 1765 2785 uel
1785 2761 1902 2796 nega-

268 2809 366 2854 tiue,
385 2821 433 2844 ne
452 2808 598 2843 diutius
617 2819 850 2854 suspensum
877 2812 1080 2843 teneamus
1099 2808 1271 2855 episcopi
1290 2809 1498 2844 animum.»

340 2870 383 2903 In
402 2867 652 2914 post-scripto
671 2866 846 2912 ejusdem
866 2867 1057 2913 epistolae
1072 2868 1167 2903 haec
1182 2867 1330 2903 addidit
1344 2867 1541 2914 Canisius,
1553 2870 1602 2904 ab
1617 2868 1753 2904 eodem
1772 2858 1910 2904 tamen‘

267 2927 510 2973 amanuensi,
529 2927 596 2974 qui
613 2931 767 2962 caetera
791 2926 971 2973 scripsit,
997 2932 1172 2962 exarata:
1200 2927 1354 2973 «Jussit
1378 2928 1420 2962 P.
1449 2928 1600 2963 Natalis
1623 2928 1787 2963 reserari
1811 2939 1902 2963 suas

268 2988 433 3032 litteras,
452 2998 550 3033 quae
571 2986 664 3021 mihi
682 2986 892 3032 prudenter
912 2986 1007 3021 satis
1025 2992 1236 3033 conceptae
1251 2986 1448 3033 uidentur,
1463 2987 1537 3022 nisi
1555 2987 1658 3034 quod
1670 2987 1750 3022 falli
1769 2986 1899 3022 uidea-

267 3053 330 3081 tur
349 3053 413 3081 avit
432 3048 597 3081 obscure
622 3045 740 3092 loqui,
767 3045 834 3080 ubi
859 3046 994 3082 scribit
1018 3046 1120 3081 circa
1143 3046 1340 3092 angariam
1364 3046 1592 3092 proximam,
1612 3047 1685 3081 hoc
1703 3051 1777 3092 est,
1795 3045 1899 3081 circa

267 3105 410 3139 festum
433 3107 479 3140 D.
502 3105 659 3151 Luciae,
678 3105 821 3140 nostris
846 3105 1089 3151 pendendam
1108 3117 1196 3140 esse
1214 3110 1390 3151 quartam
1408 3110 1557 3151 partem
1576 3104 1785 3151 redituum,
1809 3104 1834 3139 i.
1855 3116 1891 3139 0.
