2196 3522
345 301 418 349 480
905 303 1046 339 Ems‘r.
1081 303 1112 339 P
1121 330 1130 340 .
1162 303 1436 350 NADAL-342

345 410 505 460 questa
527 417 665 447 causa
686 410 778 447 no'n
807 403 849 447 ci
877 404 1052 462 oblighi
1079 404 1126 448 di
1154 405 1378 459 scriuerli,
1401 406 1678 452 nondimeno
1709 422 1801 451 non
1827 407 1960 464 proh'i

341 480 467 524 bisce
489 482 574 524 che
596 495 689 524 non
710 482 755 524 10
774 481 1011 527 'facciam0.
1039 483 1176 528 Onde
1204 482 1405 528 scriuero
1427 489 1495 528 tre
1515 485 1668 540 parole
1696 486 1782 529 alla
1809 486 1868 529 R.
1907 486 1969 531 V.

342 558 387 601 di
409 559 515 614 quel
536 560 621 603 che
645 558 753 606 forsi
773 558 851 616 gia
871 561 1042 604 hauera
1062 559 1210 605 inteso
1226 574 1307 617 per
1328 560 1371 603 16
1392 560 1553 606 lettere
1575 563 1659 605 che
1681 562 1846 606 mando
1861 562 1978 608 hieri

340 636 371 678 il
393 642 534 679 rettor
555 642 711 679 nostro
733 650 759 679 a
779 637 938 690 Roma,
963 651 1058 680 non
1079 636 1408 694 aggiungendo
1435 638 1478 681 le
1505 637 1593 682 mie
1620 653 1699 695 per
1726 638 1973 695 obliuione,

340 727 470 758 come
491 713 535 756 io
556 728 712 770 penso.
739 713 997 758 Habbiamo
1019 730 1045 759 a
1067 727 1122 770 23
1144 714 1187 757 di
1207 721 1368 770 questo
1384 714 1591 759 riceuuto
1606 730 1667 758 vn
1682 715 1866 761 decreto
1882 717 1971 761 del'

339 790 610 847 imperatore
630 806 711 848 per
731 791 806 834 via
831 792 946 835 della
970 806 1162 845 camera,
1189 792 1308 836 doue
1330 793 1553 848 responde
1575 792 1649 836 alli
1667 792 1839 837 articoli
1855 793 1975 839 della-

339 867 602 912 fondatione
624 868 669 911 di
691 875 854 924 questo
876 868 1085 925 collegio.
1112 869 1154 912 A
1178 869 1328 924 quello
1348 869 1406 913 de
1424 880 1479 912 Ιο
1494 870 1721 925 plaustris
1741 871 1840 913 vini
1861 873 1901 913 et
1918 882 1980 926 30

338 946 504 988 modiis
540 946 697 998 tritici,
735 947 965 1004 negatiue.
1006 946 1231 989 Similiter
1265 946 1319 989 de
1359 946 1611 989 doctoribus
1652 950 1692 989 et
1732 945 1975 1006 magistris

338 1023 566 1066 creandis.
593 1024 638 1066 A
660 1023 810 1079 quello
832 1024 885 1066 de
906 1023 1239 1079 confirmandis
1253 1024 1538 1081 priuilegiis,
1569 1038 1647 1066 nec
1673 1023 1752 1066 lioc
1778 1038 1858 1067 nec
1884 1025 1975 1069 alio

337 1101 480 1153 modo,
503 1100 622 1143 insin
654 1115 680 1143 a
711 1102 838 1143 tanto
866 1102 951 1145 che
978 1100 1008 1143 11
1036 1100 1201 1143 habbia
1228 1100 1361 1143 visto.
1392 1101 1523 1144 Della
1550 1114 1654 1144 casa
1681 1100 1786 1144 delli
1813 1101 1968 1157 nobili,

336 1178 423 1222 che
443 1177 474 1219 il
497 1176 692 1234 collegio
713 1192 803 1221 non
826 1179 885 1220 ha
907 1192 1017 1221 seno
1038 1178 1505 1233 superintendentiam
1535 1177 1796 1233 quamdam.
1828 1179 1900 1223 De
1926 1179 1974 1224 la

336 1254 598 1298 fondatione
619 1254 656 1297 si
679 1256 900 1311 responde
922 1255 1015 1298 cosi
1042 1255 1102 1297 ad
1123 1255 1329 1297 verbum:
1354 1255 1502 1297 «Illud
1522 1258 1674 1297 tamen
1696 1256 1968 1300 conueniens

336 1332 570 1374 Maiestati
591 1346 700 1374 suae
725 1332 975 1375 Caesareae
994 1333 1143 1374 visum
1167 1335 1230 1374 est
1251 1336 1296 1374 vt
1316 1332 1458 1375 eidem
1478 1332 1756 1390 fundationi
1782 1332 1971 1377 disertis

334 1408 483 1451 verbis
503 1409 638 1451 etiam
662 1409 918 1451 inseratur.
955 1409 1072 1463 Quot
1086 1414 1311 1466 personae
1337 1410 1389 1451 in
1415 1409 1637 1454 eiusmodi
1658 1423 1815 1451 eorum
1837 1410 1965 1452 eolle-

330 1486 414 1542 gio
434 1486 668 1541 perpetuis
688 1487 877 1543 futuris
906 1486 1179 1541 temporibus
1205 1486 1371 1543 degere
1397 1486 1595 1538 debeant,
1622 1489 1663 1528 et
1690 1486 1806 1541 quod
1824 1487 1965 1544 futu-

335 1577 441 1605 rum
469 1563 529 1605 sit
555 1577 712 1605 eorum
741 1563 940 1620 officium
969 1566 1010 1606 et
1037 1562 1231 1606 debitum
1253 1567 1343 1619 pro
1373 1563 1454 1605 tali
1480 1563 1690 1618 beneficio
1720 1566 1970 1619 praestan-

334 1639 460 1682 dum.
485 1641 553 1682 Eo
574 1640 629 1682 ab
650 1641 764 1696 ipsis
777 1641 1019 1698 fratribus
1039 1641 1256 1696 explicato
1283 1644 1416 1696 atque
1442 1639 1718 1697 significato,
1747 1640 1970 1684 Maiestas

333 1731 418 1759 sua
443 1717 670 1775 Caesarea
687 1718 893 1774 gratiose
913 1717 1148 1759 mandabit
1163 1720 1208 1760 vt
1224 1718 1291 1760 bis
1307 1717 1430 1759 mille
1445 1717 1516 1759 illi
1528 1717 1715 1773 floreni,
1733 1718 1784 1759 in
1797 1718 1970 1775 forma—

325 1794 627 1851 fundationis
658 1794 980 1850 comprehensi,
1008 1795 1189 1838 statutis
1220 1809 1273 1837 ac
1299 1795 1434 1837 certis
1459 1795 1571 1837 locis
1596 1794 1823 1850 debitoque
1851 1797 1960 1838 tem-

325 1875 439 1926 pore
459 1871 623 1927 absque
644 1871 734 1913 vlla
747 1872 926 1929 fraude
948 1875 988 1914 et
1008 1872 1310 1914 diminutione
1330 1872 1395 1914 eis
1416 1871 1700 1915 soluantur.»

422 1960 463 1991 2.
530 1949 643 1992 Rdo.
672 1950 832 2001 Padre‚
858 1950 901 1992 13
923 1951 976 1992 R.
1004 1950 1061 1993 V.
1087 1950 1203 1994 vede
1217 1948 1264 1992 in
1281 1949 1401 2005 quali
1420 1948 1599 1993 termini
1610 1955 1778 1991 stanno
1793 1949 1836 1991 16
1852 1962 1964 1993 cose

330 2031 501 2079 nostre,
526 2024 623 2068 cioe
645 2025 690 2067 in
712 2025 945 2068 bonissimi
968 2033 1013 2070 et
1034 2025 1288 2078 saldissimi‚
1314 2033 1360 2070 et
1382 2026 1483 2069 fuor
1503 2026 1576 2069 del
1597 2026 1726 2068 fauor
1742 2026 1961 2078 humano,

331 2109 377 2146 et
413 2102 530 2146 nelle
558 2102 676 2144 mani
705 2102 822 2145 della
849 2102 1002 2146 diuina
1030 2102 1329 2159 prouidentia.
1363 2103 1497 2147 Onde
1524 2102 1826 2145 sicuramente
1853 2116 1958 2158 pos-

331 2178 474 2222 siamo
496 2178 607 2222 dire:
633 2179 931 2234 Aporiamur,
953 2181 1031 2223 sed
1051 2195 1144 2223 non
1166 2181 1472 2232 destituimur,
1500 2181 1509 2201 ¹
1539 2186 1627 2223 etc.
1657 2179 1788 2222 Delle
1814 2177 1963 2235 rispo=

330 2262 400 2300 ste
422 2255 636 2312 negatiue
659 2263 828 2312 quanto
851 2257 937 2300 alla
959 2271 1062 2300 casa
1089 2256 1207 2301 delli
1223 2256 1363 2300 nobili
1389 2263 1434 2300 et
1463 2257 1579 2301 delle
1606 2255 1874 2311 promotioni
1900 2255 1962 2299 de

329 2332 499 2376 dottori
519 2339 565 2375 et
586 2332 768 2377 maestri
790 2333 878 2376 mai
899 2335 958 2377 ho
979 2336 1153 2377 hauuto
1174 2332 1470 2377 dubitatione.

420 2422 461 2464 3.
525 2410 613 2453 Ν61
655 2416 796 2465 punto
832 2410 1078 2467 principale
1118 2410 1359 2454 habbiamo
1400 2417 1523 2454 certe
1563 2408 1844 2463 dubitationi.
1889 2409 1956 2454 La·

327 2486 470 2542 prima
492 2487 534 2538 e,
558 2485 597 2529 si
618 2485 693 2529 noi
716 2485 788 2543 (io,
814 2487 931 2542 dico,
956 2494 1002 2530 et
1023 2487 1053 2530 il
1075 2487 1256 2544 rettore)
1278 2486 1518 2530 habbiamo
1539 2486 1585 2529 di
1606 2485 1886 2542 impacciarsi
1908 2485 1954 2529 di

327 2570 489 2618 questo
511 2562 713 2620 negotio,
738 2564 852 2606 oltra
873 2564 918 2607 di
941 2565 1091 2620 quello
1117 2566 1203 2609 che
1230 2564 1268 2608 si
1296 2565 1321 2607 e
1350 2564 1462 2607 fatto
1489 2564 1548 2607 da
1573 2563 1664 2615 noi,
1694 2563 1954 2606 mandando

326 2640 369 2683 al
390 2646 547 2683 nostro
571 2640 718 2683 Padre
739 2640 782 2683 la
803 2640 931 2696 copia
953 2642 1026 2685 del
1046 2642 1229 2685 decreto
1251 2647 1359 2694 etc.;
1383 2640 1640 2697 imperoche
1663 2654 1770 2695 pare
1790 2638 1836 2681 di
1854 2645 1951 2682 toc-

326 2730 430 2760 care
452 2717 494 2759 al
516 2715 664 2759 officio
684 2717 758 2760 del
781 2719 837 2759 P.
871 2717 1064 2761 Vittoria
1086 2719 1118 2770 ²,
1144 2717 1175 2760 il
1196 2718 1328 2773 quale
1349 2731 1456 2773 pare
1478 2731 1572 2760 non
1590 2717 1713 2760 voler
1730 2716 1822 2759 fare
1838 2715 1956 2758 altro

397 2880 406 2899 ¹
458 2877 600 2915 Eprsn
621 2877 675 2912 2.²
691 2885 749 2912 AD
768 2876 993 2924 Commu„
1013 2879 1083 2924 IV,
1102 2878 1137 2914 8.
1781 2907 1786 2912 .

391 2938 406 2958 ²
457 2936 501 2971 In
537 2935 713 2982 margine
743 2937 908 2972 habetur
936 2939 1033 2973 haec
1050 2937 1265 2985 responsio,
1284 2936 1442 2973 Polanei
1461 2949 1576 2972 manu
1606 2940 1775 2971 exarata:
1807 2935 1953 2970 Poiche

327 2995 503 3031 Victoria
521 2996 633 3031 viene
651 3006 744 3041 qua,
764 2997 834 3031 dia
853 2997 914 3032 lui
932 2998 1073 3033 ordine
1090 2998 1167 3032 alli
1184 2998 1352 3045 negocii,
1372 3000 1409 3032 et
1426 2997 1461 3032 si
1477 2996 1584 3032 aiuti
1601 2996 1640 3031 d'
1660 2995 1780 3030 alcun
1798 2996 1948 3040 procu-

317 3058 453 3090 ratore
471 3056 516 3090 di
530 3055 633 3102 fora
656 3052 693 3091 et
717 3056 764 3090 de
791 3056 1023 3101 Vandelino,
1051 3068 1159 3092 como
1185 3058 1216 3092 il
1240 3057 1313 3092 Pss
1334 3056 1471 3092 Nadal
1493 3057 1525 3092 li
1547 3055 1649 3091 disse
1665 3054 1708 3089 al
1735 3053 1871 3100 partir
1900 3054 1951 3090 de

315 3114 520 3151 Morbach.
990 3120 991 3123 ’
