2196 3522
923 259 1146 296 Appnnmx
1782 259 1850 296 621

215 360 426 418 pertiant3
451 368 498 407 et
518 368 671 407 tamen
691 361 743 405 fit
765 362 874 415 fere,
899 369 951 405 ut
966 361 1114 407 obiter
1128 361 1311 418 aliquod
1326 360 1627 406 ministerium
1645 360 1853 406 Societa-

217 420 275 463 tis
305 420 431 464 obire
457 421 647 479 possint3
681 422 804 477 quod
830 435 934 465 curn
963 421 1158 474 faciunt,
1188 423 1485 467 uehementer
1512 427 1706 465 caueant
1728 435 1786 464 ne
1808 420 1855 463 id

217 480 298 523 fiat
318 494 424 524 cum
444 480 618 525 iactura
633 480 931 525 solicitudinis
948 481 1023 524 uel
1039 495 1218 538 operae,
1238 496 1375 538 quam
1391 495 1476 525 suo
1493 480 1641 524 officio
1658 481 1826 524 debent
1837 515 1846 522 .

948 643 1057 686 XIV
1090 643 1130 699 (c

718 735 1022 775 AMBROSIUS
1049 735 1351 774 SANCTINUS

643 834 833 865 NOMINE
865 833 1102 865 RECTORIS
1135 833 1423 864 VIENNENSIS

608 901 909 954 Vindobonae
922 943 932 962 ,
968 921 1024 964 27
1058 908 1228 965 Aprilis
1265 908 1375 963 1563
1413 910 1446 951 ¹.

283 999 458 1034 Litterae
474 999 789 1050 quadrimestres
805 999 853 1034 de
869 998 985 1034 rebus
1002 1010 1028 1033 a
1047 999 1098 1034 P.
1117 996 1262 1033 Natali
1289 997 1541 1033 Vindobonae
1555 998 1695 1045 gestis,
1714 1000 1785 1036 etc.

313 1075 547 1120 ...Placuit
574 1082 726 1119 tamen
753 1075 935 1120 diuinae
962 1074 1189 1119 Maiestati
1211 1073 1456 1130 collegium
1479 1089 1613 1117 suum
1637 1074 1858 1131 singulari

222 1135 388 1192 pietate
410 1149 699 1189 conseruare,
724 1149 777 1178 ac
798 1149 852 1179 eo
879 1134 979 1191 ipso
1001 1142 1203 1191 tempore
1233 1135 1291 1177 R.
1325 1135 1382 1177 Ρ.
1413 1134 1622 1177 Natalem
1651 1148 1854 1187 mouere,

222 1203 273 1237 ut
294 1194 332 1238 is
352 1209 444 1238 non
465 1193 615 1237 minus
635 1194 934 1239 necessariam
955 1208 1092 1250 quam
1115 1200 1387 1250 oportunam
1417 1194 1658 1248 quamdam
1688 1193 1859 1236 instru-
1919 1203 1922 1206 ⁴

222 1254 419 1299 ctionem
440 1253 732 1306 describeret,
757 1268 810 1296 ac
832 1253 963 1297 nobis
985 1253 1106 1296 illam
1128 1252 1499 1305 communicaret,
1525 1267 1642 1308 quae
1663 1267 1717 1296 eo
1742 1260 1831 1296 tem
1852 1279 1858 1283 ·

223 1328 332 1370 pore
352 1313 668 1369 percommode
689 1314 1027 1357 obseruaretur.
1060 1313 1118 1356 Et
1139 1313 1264 1367 quod
1280 1326 1363 1355 nos
1385 1312 1648 1356 duriuscule
1667 1313 1859 1356 fortasse

208 1374 510 1416 «tentabamus
531 1371 834 1428 asperioribus
857 1371 1163 1428 poenitentiis,
1189 1370 1492 1416 crebrioribus
1513 1371 1706 1428 flagellis
1727 1378 1773 1416 et
1795 1371 1860 1416 ie-

222 1431 373 1485 iuniis;
393 1433 479 1475 hoc
497 1438 647 1476 tamen
666 1432 963 1475 Reuerendus
982 1433 1033 1475 P.
1055 1431 1230 1475 Natalis
1245 1431 1493 1487 prudenter
1514 1430 1788 1482 immutauit,
1808 1445 1861 1474 ac

222 1506 378 1535 eorum
399 1491 516 1543 loco,
536 1491 658 1546 quod
679 1490 985 1536 necessarium
1008 1497 1053 1535 et
1076 1490 1186 1534 utile
1206 1490 1353 1547 magis
1377 1490 1478 1543 fuit,
1498 1491 1683 1533 modum
1702 1490 1859 1533 melio-

222 1565 316 1594 rem
338 1549 626 1607 praescripsit
646 1564 700 1594 ac
721 1550 861 1603 dedit,
886 1549 965 1606 qui
987 1564 1042 1594 eo
1065 1550 1299 1606 spectabat
1317 1556 1440 1593 totus
1457 1556 1508 1592 ut
1526 1550 1687 1594 fratres
1705 1549 1751 1592 in
1768 1564 1861 1593 ma·

222 1610 316 1653 iore
337 1609 579 1653 deuotione
601 1609 956 1662 continerentur,
982 1609 1264 1665 frequentius
1285 1615 1488 1661 orarent,
1516 1608 1587 1651 bis
1610 1609 1655 1651 in
1686 1610 1861 1653 hebdo-

223 1670 357 1712 mada
377 1669 702 1712 confiterentur
723 1675 768 1713 et
789 1668 1193 1721 communicarent,
1229 1667 1433 1712 crebrius
1454 1674 1709 1728 cantarent,
1735 1675 1780 1711 et
1813 1682 1862 1712 se

223 1731 416 1773 honeste
437 1742 490 1771 ac
512 1728 795 1783 frequentius
815 1728 947 1772 solito
975 1734 1252 1773 recrearent:
1285 1728 1407 1783 quod
1436 1727 1618 1783 quidem
1644 1735 1753 1770 tunc
1776 1727 1861 1770 im-

226 1787 382 1845 primis
403 1787 708 1831 necessarium
732 1786 838 1840 fuit,
862 1787 984 1843 quod
1011 1787 1251 1844 plerosque
1271 1801 1439 1843 magna
1467 1801 1521 1829 ac
1549 1786 1745 1830 difficilis
1766 1802 1862 1831 me-

227 1846 450 1890 lancholia
487 1845 724 1890 timoribus
750 1846 978 1890 continuis
1005 1846 1140 1890 mista
1171 1846 1393 1903 affligeret
1421 1846 1633 1903 grauius,
1668 1860 1720 1889 ac
1747 1860 1862 1902 pene

226 1908 453 1950 obrueret:
479 1905 556 1961 qui
578 1905 866 1950 alleuamenti
886 1920 979 1949 non
999 1920 1158 1963 parum
1179 1907 1237 1950 de
1258 1904 1427 1962 optima
1455 1905 1530 1948 illa
1559 1905 1861 1949 instructione

226 1980 330 2009 mox
352 1971 640 2021 acceperunt,
671 1979 723 2009 ac
751 1964 915 2010 deinde
941 1965 1157 2022 paulatim
1186 1966 1499 2022 praeterquam
1524 1965 1645 2020 quod
1677 1964 1862 2007 timores

225 2031 484 2092 comparata
504 2024 674 2068 laetitia
695 2023 1003 2081 abigerentur,
1027 2025 1227 2081 pericula
1248 2024 1384 2068 etiam
1401 2023 1647 2075 euasimus,
1668 2038 1720 2067 ac
1743 2024 1862 2068 inte-

225 2084 296 2142 gri
317 2085 463 2127 donec
483 2083 624 2140 pestis
639 2082 824 2127 omnino
838 2083 1077 2140 expiraret,
1098 2099 1124 2127 a
1139 2086 1239 2128 Deo
1254 2085 1344 2140 Op.
1366 2085 1487 2127 Max.
1508 2083 1765 2126 conseruati
1782 2097 1861 2126 su-

224 2158 360 2187 mus..
371 2142 541 2187 .Venit
562 2143 619 2186 ad
642 2157 724 2186 nos
746 2144 928 2186 tandem
950 2144 1005 2187 R.
1034 2145 1086 2186 Ρ.
1111 2142 1463 2196 commissarius,
1487 2142 1619 2186 cuius
1636 2143 1863 2186 aduentus

224 2217 382 2246 omnes
404 2201 451 2245 in
473 2201 670 2245 Domino
693 2201 881 2247 mirifice
901 2202 1139 2247 recreauit.
1165 2204 1247 2246 Est
1262 2201 1337 2245 hic
1360 2203 1511 2254 Pater,
1533 2209 1583 2244 ut
1605 2216 1764 2245 reuera
1780 2202 1860 2244 ad—

226 2262 459 2305 mirandus
481 2275 533 2304 ac
555 2261 850 2314 reuerendus,
881 2260 944 2304 ita
970 2275 1152 2317 quoque
1173 2261 1384 2305 omnibus
1405 2262 1570 2305 charus
1592 2275 1645 2303 ac
1674 2257 1853 2316 gratus.

227 2320 424 2365 Vocauit
451 2320 508 2364 ad
545 2335 593 2363 se
625 2334 728 2363 mox
760 2334 1145 2376 unumquemque,
1185 2319 1462 2364 examinauit
1497 2319 1769 2371 accuratius,
1811 2333 1863 2362 ac

229 2380 441 2435 cuiquam
472 2386 742 2436 potestatem
771 2379 899 2432 fecit,
930 2386 981 2422 ut
1009 2394 1125 2435 quae
1152 2380 1290 2424 uellet
1317 2379 1544 2424 liberrime
1572 2385 1858 2435 proponeret:

229 2439 431 2483 omnium
453 2453 505 2481 ac
527 2438 812 2496 singulorum
834 2438 1022 2491 animos,
1045 2439 1165 2483 dona
1187 2445 1233 2484 et
1254 2438 1569 2482 inclinationes
1590 2437 1859 2494 perspectis-

230 2499 366 2543 simas
388 2497 473 2540 sibi
494 2497 660 2541 effecit:
685 2497 861 2540 audiuit
881 2497 1104 2554 singulos,
1128 2512 1182 2542 ac
1202 2498 1249 2541 in
1270 2497 1496 2541 audiendo
1518 2513 1567 2541 se
1583 2496 1777 2553 singulis
1796 2497 1862 2539 fa—

230 2557 400 2601 cilitate
417 2556 679 2600 admiranda
696 2556 1070 2610 accommodauit,
1089 2565 1141 2600 ut
1158 2556 1347 2613 quilibet
1367 2557 1410 2600 ei
1426 2572 1518 2600 non
1540 2563 1698 2599 notum
1717 2555 1863 2599 solum

229 2618 310 2661 sed
334 2615 596 2660 familiarem
618 2630 799 2671 quoque
821 2630 874 2659 ac
895 2615 1103 2659 intimum
1126 2631 1226 2661 esse
1242 2617 1462 2669 crederet,
1484 2630 1598 2670 quae
1621 2615 1734 2658 ratio
1752 2614 1864 2658 mire

229 2690 387 2721 omnes
405 2675 634 2718 consolata
651 2681 735 2719 est.
757 2674 975 2719 Omnium
992 2675 1395 2732 exhomologesim,
1417 2674 1595 2718 tametsi
1612 2675 1734 2717 haud
1752 2674 1866 2716 citra

226 2749 418 2791 magnos
438 2734 616 2777 labores
638 2748 691 2776 ac
713 2733 1006 2790 fatigationes
1027 2748 1149 2786 suas,
1174 2734 1366 2791 excepit.
1392 2735 1442 2777 In
1472 2733 1753 2778 exhortando
1778 2732 1866 2775 fuit

226 2795 455 2850 frequens,
480 2807 714 2846 succosus,
734 2807 975 2847 neruosus,
994 2794 1194 2845 feruens,
1216 2795 1480 2846 uehemens,
1501 2791 1790 2835 admirabilis.
1813 2793 1862 2834 In

224 2853 539 2897 conuersando
560 2852 683 2895 haud
704 2851 873 2896 nemini
896 2852 1113 2895 molestus
1137 2851 1238 2906 fuit,
1264 2852 1374 2908 quin
1403 2852 1584 2896 tametsi
1605 2858 1796 2895 exactus
1818 2857 1865 2894 et

301 2998 309 3017 ¹
375 2995 433 3029 Ex
466 2993 561 3029 Cod.
593 3002 644 3037 29
674 2993 726 3038 c),
758 2992 826 3027 fol.
857 2993 903 3037 46
930 3004 969 3028 v.
996 2992 1095 3028 Vide
1127 2992 1242 3039 epist.
1276 2992 1365 3037 2183
1397 3001 1484 3037 257,
1514 3005 1552 3028 n.
1586 3001 1621 3035 23
1649 2992 1731 3037 258,
1763 3004 1800 3028 n.
1827 3000 1866 3037 73

229 3041 312 3088 263,
331 3054 369 3077 n.
389 3041 426 3087 3,
446 3046 521 3076 ete.

370 3131 485 3159 Emsr.
510 3130 550 3157 Ρ.
573 3129 706 3163 ΝΑοΑι,
727 3129 816 3157 Tou.
838 3128 882 3157 11.
1678 3129 1711 3156 111
