2196 3522
854 303 902 342 27
926 295 1160 333 FEBRUARn
1184 296 1275 342 1503
1810 297 1882 334 223

235 389 376 458 fesor
396 399 450 442 de
471 399 516 441 la
537 411 680 455 reyna
705 399 715 420 ¹
739 398 794 441 de
816 398 976 450 Roma,
997 398 1192 453 espafiol,
1210 413 1240 455 y
1261 402 1358 442 otro
1379 399 1570 442 italiano
1591 400 1623 453 ²,
1645 413 1730 456 que
1751 400 1880 443 sirue

246 477 303 520 de
324 476 524 533 theologo
545 475 615 518 del
644 476 819 528 nuntio,
837 489 867 532 y
893 475 940 517 al
966 475 1024 518 P.
1059 475 1246 518 Canisio
1266 490 1347 519 con
1374 477 1415 519 el
1435 476 1639 534 Stdplzilo
1660 477 1692 528 ⁵;
1714 476 1882 520 lzalldse

241 554 289 597 el
308 555 368 597 P.
394 552 549 596 Nadal
570 566 626 594 en
653 551 891 608 Hispruch
918 552 1099 607 quando
1126 552 1351 597 lzuuieron
1377 553 1431 596 de
1458 554 1548 596 dar
1571 554 1617 596 la
1645 557 1880 610 respue-sta

243 631 314 674 los
345 633 438 673 tres
466 629 690 686 theologos
716 643 772 672 en
794 630 946 687 fuera
971 628 1042 671 del
1067 628 1283 685 Stdfflzz‘Io,
1310 643 1394 685 que
1420 645 1479 672 no
1505 644 1587 673 era
1614 631 1778 673 uenido
1799 630 1832 682 ⁴;
1850 644 1880 687 y

240 707 394 764 ayudd
414 706 575 749 mucho
597 707 627 748 ά
648 706 788 748 Izazer
811 720 895 762 que
916 706 985 748 las
1006 709 1262 761 respuestas
1274 707 1470 764 suessan
1499 707 1608 749 tales
1636 721 1720 763 que
1750 721 1810 750 no
1835 721 1882 750 se

237 784 531 841 perindicase
552 797 608 826 en
630 797 732 826 cosa
753 784 970 840 ninguna
992 782 1037 824 la
1057 782 1325 825 auctoridad
1340 783 1394 825 de
1411 784 1455 825 la
1471 783 1573 826 sede
1594 784 1834 840 apostolica
1851 785 1882 836 ³;

239 876 275 918 y
296 861 367 904 asi
387 875 444 904 en
459 861 654 917 platicas
676 874 757 902 con
779 860 843 902 los
864 872 948 916 que
961 859 1136 915 podian
1157 862 1285 902 tener
1305 860 1573 903 auctoridad
1599 874 1656 903 en
1684 864 1771 903 este
1798 875 1880 904 ne—

245 938 377 995 gocio
398 938 458 980 ha
480 937 614 980 hacho
635 951 690 980 su
711 936 863 979 deuer.
900 935 943 979 Y
948 939 1123 991 perque
1145 936 1184 978 el
1205 936 1372 979 nuncio
1388 937 1615 993 Delplzino
1625 938 1881 994 pretendia,

249 1015 436 1071 despuas
458 1028 542 1071 que
561 1028 610 1057 se
623 1013 778 1070 partio
797 1012 838 1055 el
857 1012 1008 1055 doctor
1032 1008 1224 1055 Canisio'
1235 1027 1266 1069 y
1287 1014 1398 1056 uino
1426 1014 1466 1056 el
1492 1013 1710 1070 Stdplzilo,
1743 1014 1884 1057 lzazer

241 1097 390 1148 -capaz
415 1092 444 1134 ά
472 1091 535 1134 Su
563 1089 806 1148 Magastad
832 1104 862 1146 y
889 1089 935 1131 al
961 1088 1091 1132 dicho
1118 1089 1321 1145 Staphilo
1346 1090 1401 1133 de
1429 1104 1514 1146 que
1544 1091 1584 1133 el
1607 1095 1732 1147 papa
1762 1098 1884 1136 esset

250 1175 403 1225 pastor
424 1165 692 1211 uniuersalis
712 1165 946 1218 ecclesiae,
963 1166 1132 1222 pidiole
1154 1179 1238 1222 que
1258 1167 1440 1210 buscase
1461 1168 1666 1224 algunas
1682 1168 1879 1211 auctori-

244 1245 389 1288 -dades
409 1245 463 1288 de
483 1243 786 1300 importancia
799 1247 924 1299 para
945 1243 1213 1286 mostrarles
1234 1247 1326 1287 esta
1348 1244 1539 1298 uerdad,
1557 1259 1588 1302 y
1607 1245 1679 1287 asi
1701 1245 1882 1302 colligi6

252 1323 292 1365 el
313 1323 367 1365 P.
394 1321 536 1365 Natal
556 1319 739 1363 muclzos
760 1320 949 1377 lagares
969 1321 1074 1376 (que
1095 1334 1195 1363 creo
1216 1322 1388 1364 scrinio
1409 1321 1510 1364 mas
1530 1321 1584 1364 de
1606 1321 1682 1377 80)
1695 1337 1725 1379 y
1747 1322 1786 1364 le
1807 1322 1885 1369 dia

246 1402 385 1455 parte
405 1398 540 1441 deltos
561 1398 625 1440 los
645 1397 746 1440 mas
767 1396 995 1454 escogidos
1011 1411 1055 1453 y,
1077 1397 1226 1454 segzin
1247 1398 1287 1440 el
1307 1399 1466 1441 nuntio
1487 1399 1682 1456 referia,
1699 1399 1773 1441 di6
1794 1402 1885 1442 esto

252 1476 299 1518 la
321 1476 431 1518 uida
451 1475 498 1518 al
518 1474 719 1530 Stdplzilo
741 1475 776 1528 ⁶,
795 1488 825 1530 y
840 1478 929 1530 por
950 1477 1148 1516 uentura
1167 1474 1363 1517 tambie'n
1379 1475 1407 1517 ά
1423 1478 1548 1518 otros
1565 1489 1648 1531 que
1664 1476 1820 1518 tenian
1839 1476 1884 1518 la

329 1625 339 1645 ¹
391 1623 478 1658 «Fr.
498 1620 728 1657 Franciseus
745 1619 794 1656 de
810 1619 1008 1667 Corduba,
1032 1619 1312 1663 franciscanus,
1337 1621 1450 1669 cujus
1473 1621 1643 1658 familiae
1667 1633 1883 1658 sacramen-

254 1689 337 1719 tum
354 1681 454 1718 dixit
471 1680 746 1725 salmanticae,
764 1679 1011 1727 Principibus
1028 1679 1172 1716 Mariae
1190 1681 1432 1728 Imperatrici
1449 1681 1733 1718 Germanorum
1751 1681 1881 1718 Caroli

251 1739 428 1788 Augusti
445 1739 563 1786 filiae,
580 1751 695 1787 quam
714 1739 754 1775 in
771 1738 1021 1775 Germaniam
1038 1739 1246 1775 comitatus
1265 1745 1326 1775 est
1337 1768 1347 1787 ‚
1364 1745 1577 1788 posteaque
1595 1740 1644 1776 ad
1667 1752 1738 1776 nos
1755 1753 1885 1777 rever-

252 1812 338 1847 sus,
357 1800 494 1836 Annae
514 1798 744 1835 Austriaeae
762 1797 1038 1845 Hispaniarum
1055 1798 1230 1845 Reginae
1247 1798 1527 1835 conscientiam
1552 1800 1800 1847 expiantibus
1818 1812 1885 1836 au-

256 1871 319 1896 res
336 1858 586 1907 praebuit...»
606 1858 793 1894 NlcOLAS
811 1857 1022 1900 ANTONIO,
1039 1858 1284 1894 Bibliotheca
1299 1859 1472 1906 hispana
1485 1870 1589 1894 nova
1603 1859 1765 1903 (Matriti
1781 1858 1885 1905 1783)

256 1919 288 1963 Ι,
307 1919 391 1964 416.
411 1917 474 1954 Cf.
493 1918 611 1953 etiam
629 1916 678 1953 de
695 1917 769 1953 hoc
786 1916 975 1964 scriptore
998 1917 1200 1964 JOANNEM
1226 1927 1254 1953 Α
1277 1917 1450 1954 ὃΑΝοτο
1469 1918 1681 1965 ANTONJO,
1705 1919 1876 1957 Bibliot.

256 1979 375 2014 univ.
390 1977 675 2025 franciscana,
694 1976 728 2023 1,
745 1974 834 2021 377.

327 2039 341 2060 ²
391 2036 467 2072 Hic
485 2042 568 2072 erat
585 2035 792 2083 episcopus
809 2034 1035 2083 pedinensis
1053 2036 1219 2083 electus,
1237 2035 1286 2071 de
1310 2047 1386 2083 quo
1409 2036 1570 2072 nuntius
1588 2036 1767 2073 Dolfinus
1791 2037 1883 2074 scri-

253 2098 375 2133 bebat
391 2095 441 2131 ad
457 2096 609 2142 legatos
627 2093 783 2130 concilii
807 2106 851 2130 se
871 2100 1093 2131 curaturum
1112 2099 1154 2130 ut
1173 2094 1274 2131 inter
1296 2096 1498 2141 theologos
1523 2107 1545 2131 a
1567 2107 1724 2132 caesare
1747 2108 1885 2133 consu-

255 2155 393 2192 lendos
410 2158 698 2199 recenseretur,
717 2159 853 2200 utpote
870 2154 936 2201 qui
953 2159 1088 2200 gratus
1104 2159 1187 2189 erat
1204 2154 1279 2201 ipsi
1294 2155 1463 2201 caesari,
1482 2160 1522 2191 et
1546 2156 1597 2191 ab
1614 2166 1661 2191 eo
1683 2162 1883 2203 presenta-

255 2219 320 2251 tus
343 2214 470 2251 fuerat
487 2213 535 2250 ad
553 2213 687 2249 sedem
711 2212 980 2260 pedinensem,
1003 2225 1103 2261 quae
1128 2219 1250 2249 morte
1273 2214 1435 2261 Joannis
1458 2215 1671 2251 Zachariae
1696 2217 1878 2252 vacabat.

254 2275 487 2311 UGHELLUS
504 2278 635 2308 autern
653 2272 798 2319 (Italia
815 2283 946 2315 sacra,
966 2273 1016 2317 V,
1034 2271 1134 2319 473),
1151 2273 1248 2308 haec
1271 2273 1420 2309 scribit:
1446 2274 1536 2309 «Fr.
1567 2274 1704 2310 Daniel
1729 2275 1883 2311 Barboli

257 2332 379 2369 nobili
394 2343 542 2379 genere
562 2336 802 2379 procreatus,
821 2331 966 2368 ordinis
990 2331 1133 2368 Praed.
1149 2359 1159 2378 ,
1183 2332 1324 2378 Joanni
1347 2333 1558 2368 Zachariae
1584 2339 1706 2370 morte
1729 2335 1882 2370 sublato

254 2391 445 2428 suffectus
465 2396 526 2427 est
543 2401 566 2436 4
583 2390 691 2437 Junii
711 2389 848 2435 1563.»

323 2450 339 2471 ⁸
387 2449 608 2486 Fridericus
634 2449 832 2496 Staphilus
856 2449 1123 2485 universitatis
1153 2449 1468 2496 ingolstadiensis
1493 2451 1818 2498 superintendens
1841 2457 1882 2488 et

254 2508 450 2557 professor
466 2510 515 2545 ab
533 2520 633 2545 anno
654 2511 763 2554 1560.
786 2508 853 2545 Cf.
875 2509 1231 2553 BRAUNSBERGER,
1249 2510 1326 2546 loe.
1350 2510 1441 2556 cit.‚
1457 2511 1488 2555 Ι,
1503 2519 1586 2556 557;
1601 2515 1642 2546 et
1657 2510 1880 2548 chronicon

255 2569 459 2614 Ponancx,
477 2568 548 2613 IV,
566 2575 650 2613 254;
670 2573 710 2604 et
727 2568 778 2614 V,
796 2567 884 2613 248.

328 2629 344 2649 ⁴
393 2626 587 2663 Antonius
605 2627 726 2663 Maria
738 2626 932 2671 Gratiani,
945 2626 1012 2674 qui
1026 2626 1317 2663 Commendono
1330 2639 1352 2663 a
1365 2628 1528 2664 secretis
1542 2634 1582 2664 et
1594 2628 1766 2664 consiliis
1780 2634 1877 2674 erat,

254 2686 353 2722 haee
369 2684 607 2733 Oeniponte,
627 2686 670 2721 16
688 2686 889 2722 Februarii
908 2685 1013 2732 1563,
1031 2684 1240 2722 referebat:
1257 2686 1354 2722 «Fra
1369 2687 1500 2734 questi
1516 2686 1686 2733 theologi
1703 2687 1879 2734 deputati

257 2756 335 2781 non
352 2745 410 2780 s’e
429 2755 568 2780 ancora
583 2745 854 2781 eommineiato
870 2757 892 2781 a
908 2750 1068 2781 trattare
1085 2755 1176 2781 cosa
1192 2747 1329 2781 alcuna
1346 2751 1386 2782 et
1402 2747 1441 2782 lo
1458 2746 1592 2782 Stafilo
1609 2758 1686 2782 non
1699 2746 1722 2783 ὲ
1738 2758 1878 2784 ancora

257 2804 436 2850 gionto...
455 2804 531 2839 Fra
558 2803 586 2840 li
608 2803 786 2851 deputati
811 2804 834 2840 ὲ
856 2815 997 2840 ancora
1019 2804 1244 2850 Monsignor
1267 2804 1552 2852 Cinquechiese
1576 2810 1616 2841 et
1638 2805 1664 2841 il
1687 2806 1878 2843 Petenen-

257 2875 370 2901 se...»
389 2863 447 2898 Ex
463 2862 563 2898 Brit.
587 2863 764 2899 Museum
781 2863 953 2910 Egerton
966 2863 1067 2900 Cod.
1090 2871 1106 2898 1
1117 2871 1219 2909 ‚o77‚
1232 2863 1304 2901 fol.
1323 2872 1406 2911 247,
1421 2865 1467 2901 ff.
1478 2893 1487 2911 ,
1502 2865 1603 2912 apud
1615 2862 1875 2912 D6LL1NGER,

258 2922 466 2969 Beitrdge,
483 2921 556 2964 ΙΙΙ,
573 2920 661 2957 323.

329 2982 343 3003 ⁵
392 2979 459 3017 Cf.
477 2978 736 3024 Donusam,
750 2981 831 3027 loc,
845 2980 916 3018 eit.
928 3009 937 3028 ,
951 2980 1120 3028 324·329;
1137 2986 1176 3017 et
1188 2982 1486 3029 PALLAvrcmo,
1501 2984 1579 3019 loe.
1597 2982 1689 3027 eit„
1702 2983 1771 3020 lib.
1785 2983 1872 3026 XX,

252 3051 348 3087 cap.
370 3048 430 3075 lv.

328 3100 343 3122 ὅ
392 3097 563 3134 Nuntius
581 3097 756 3134 Dolfinus
772 3098 868 3134 haec
885 3098 934 3135 de
951 3098 1127 3143 Staphilo
1148 3099 1343 3136 referebat
1358 3100 1512 3145 legatis:
1541 3101 1749 3138 «conuerra
1773 3101 1873 3138 refe-
