2196 3522
236 273 307 320 434
802 270 941 305 Emsr.
969 268 1013 303 Ρ.
1042 266 1313 314 NADAL-329

236 375 299 419 Mi
322 376 346 417 e
364 388 495 430 parso
519 386 668 417 essere
691 372 721 413 il
746 370 834 413 mio
857 369 1027 421 debito,
1053 368 1309 413 essendomi
1323 375 1503 414 trouato
1519 369 1567 413 in
1583 369 1732 426 questi
1749 369 1877 426 prin-

236 451 339 507 cipii
362 452 434 494 del
456 449 651 505 collegio
689 455 733 491 et
759 445 1006 490 vniuersita
1027 447 1084 490 de
1121 444 1323 503 Dilinga,
1363 448 1448 492 che
1484 447 1539 490 V.
1570 447 1619 491 S.
1643 446 1784 490 Illma.
1817 448 1879 489 ha

237 542 439 572 comessa
461 542 487 569 a
509 533 663 568 nostra
687 517 987 581 Compagnia,
1013 524 1196 567 doueuo
1228 522 1444 576 uisitarla‚
1477 530 1522 568 et
1549 522 1660 566 darli
1683 523 1878 579 qualche

239 603 481 660 raguaglio
500 602 510 622 ¹
540 616 624 645 con
647 609 807 657 queste
825 600 914 643 mie
935 601 1105 645 lettere
1117 600 1234 644 delle
1262 614 1367 643 cose
1389 600 1436 643 di
1457 614 1562 656 qua,
1594 600 1758 657 perche
1785 615 1877 643 non

238 681 397 723 dubito
420 682 504 723 che
528 694 658 723 corne
681 686 873 735 patrone
895 679 951 721 de
975 676 1079 719 tutti
1102 677 1213 720 nuoi
1235 678 1375 720 molto
1392 678 1666 730 amoreuole,
1686 684 1732 721 et
1748 691 1877 721 come

237 759 478 802 fundatore
500 757 545 800 di
570 759 717 813 quest'
744 771 895 812 opera,
923 770 979 798 ne
1001 757 1171 798 hauera
1193 756 1250 799 V.
1277 755 1325 799 S.
1360 755 1499 798 Illma.
1532 755 1724 810 qualche
1750 754 1876 798 solli-

239 835 441 879 citudine
463 849 595 891 sopra
619 834 783 889 quella,
825 847 952 876 come
989 833 1084 875 l’ho
1114 839 1275 888 potuto
1312 833 1457 877 anche
1487 832 1651 875 uedere
1679 846 1759 888 per
1786 846 1879 875 una
1926 831 1929 834 ’

237 913 414 964 lettera,
441 913 526 955 che
554 912 610 954 de
641 913 897 967 Maguzano
924 909 982 953 lei
1012 908 1049 952 si
1079 910 1231 965 degni)
1263 908 1461 953 scriuere
1484 910 1527 952 al
1548 910 1601 952 P.
1628 908 1811 953 Canisio
1832 915 1879 952 et

244 1005 270 1033 a
291 1004 379 1032 me.

334 1078 375 1109 2.
443 1067 556 1118 Hor,
585 1071 755 1121 quanto
777 1064 863 1107 alla
892 1062 1151 1119 prouisione
1180 1062 1225 1105 di
1254 1069 1415 1118 questo
1444 1061 1655 1119 collegio,
1680 1076 1768 1105 non
1793 1062 1882 1104 du—

243 1143 429 1186 bitiamo
467 1144 551 1186 che
580 1143 637 1186 V.
679 1142 727 1186 S.
769 1141 906 1184 Illma.
945 1139 1127 1192 habbia,
1153 1154 1272 1182 come
1293 1140 1389 1182 dice
1416 1140 1449 1193 ²,
1482 1139 1638 1183 scritto
1668 1130 1694 1183 a
1720 1138 1793 1183 chi
1820 1140 1880 1182 ha

244 1234 355 1263 cura
376 1220 421 1262 di
443 1218 713 1276 prouederci
735 1220 820 1262 che
842 1232 978 1261 senza
999 1216 1285 1261 escusatione
1306 1217 1485 1270 alcuna,
1506 1231 1597 1260 non
1620 1215 1800 1260 manchi
1823 1216 1881 1260 de

197 1306 202 1309 “
243 1297 324 1339 dar
346 1295 721 1352 l’assignamento
745 1294 971 1338 ordinario
993 1293 1099 1337 delli
1127 1294 1237 1337 1800
1259 1293 1422 1346 fiorini,
1449 1301 1494 1338 et
1516 1295 1660 1338 anche
1677 1302 1880 1338 extraor—

243 1373 416 1417 dinario
454 1375 538 1417 che
578 1387 658 1429 per
695 1371 861 1416 fornire
884 1379 1045 1426 questo
1066 1370 1260 1427 collegio
1292 1371 1409 1414 delle
1439 1370 1687 1414 masseritie
1709 1378 1754 1414 et
1776 1385 1882 1415 cose

246 1450 502 1495 necessarie
522 1449 767 1506 bisognera
788 1450 932 1493 anche
954 1450 997 1491 10
1019 1448 1234 1504 proueda,
1254 1447 1301 1490 in
1323 1448 1457 1491 modo
1475 1450 1559 1492 che
1581 1449 1622 1491 al
1640 1462 1802 1492 manco
1818 1449 1881 1491 fin

246 1543 272 1572 a
296 1541 351 1571 20
374 1542 566 1584 persone
590 1528 690 1585 (che
711 1542 791 1583 per
812 1527 972 1570 adesso
994 1527 1201 1588 saranno)
1224 1527 1351 1571 siano
1373 1527 1454 1569 ben
1479 1527 1493 1547 ³
1523 1525 1740 1582 prouiste.

329 1618 375 1669 γ3.
441 1606 507 1648 La
527 1611 749 1649 stretezza
770 1604 887 1646 della
909 1618 1012 1647 casa
1034 1603 1095 1646 mi
1117 1618 1223 1660 pare
1244 1619 1270 1647 a
1291 1618 1364 1647 me
1385 1603 1423 1647 si
1445 1618 1579 1660 possa
1601 1608 1885 1659 comportare

246 1681 393 1724 insino
417 1682 504 1724 alla
523 1687 694 1724 uenuta
715 1680 761 1723 di
784 1682 839 1724 V.
867 1681 913 1725 S.
942 1681 1102 1733 Illma.,
1127 1682 1294 1737 perche
1315 1695 1407 1724 non
1431 1681 1547 1724 uedo
1577 1694 1704 1723 come
1732 1678 1779 1722 in
1801 1694 1885 1724 sua

245 1757 450 1801 absentia
473 1757 510 1801 si
532 1772 665 1814 possa
687 1758 777 1800 ben
800 1757 1065 1813 prouedere3
1097 1764 1348 1802 accettamo
1375 1759 1486 1814 pero
1515 1757 1665 1813 quello
1694 1758 1779 1800 che
1801 1758 1881 1800 be-

245 1834 540 1891 nignamente
564 1834 784 1887 offerisce,
809 1834 846 1876 si
869 1834 914 1876 in
938 1835 1072 1877 alcun
1094 1848 1200 1877 caso
1223 1833 1333 1878 fossi
1356 1834 1610 1879 necessario
1629 1836 1714 1878 che
1731 1834 1881 1878 alcuni

246 1912 303 1954 de
324 1912 470 1955 nostri
487 1911 757 1955 dormissero
775 1911 821 1953 in
840 1911 1010 1967 palazo,
1031 1910 1240 1955 massime
1262 1910 1300 1954 si
1317 1911 1577 1955 hauessimo
1594 1911 1699 1955 delli
1716 1910 1881 1968 hospiti

246 1989 303 2031 de
324 1996 479 2032 nostra
497 1988 794 2044 Compagnia,
815 1987 935 2044 quali
953 1987 1208 2032 altrimente
1225 2003 1317 2031 non
1333 1988 1580 2045 potessimo
1604 1987 1777 2045 alogiar
1792 1989 1881 2031 ben

246 2066 364 2110 nelle
387 2073 543 2110 stanze
564 2072 735 2118 nostre,
762 2080 847 2108 con
875 2065 906 2107 li
928 2065 1050 2120 quali
1072 2065 1231 2109 adesso
1254 2065 1295 2108 ci
1323 2079 1597 2121 passaremo,
1633 2065 1883 2108 ordinando

247 2144 304 2186 V.
332 2144 380 2187 S.
406 2143 546 2186 Illma.
574 2144 659 2186 che
682 2142 923 2185 habbiamo
947 2142 1087 2185 libero
1108 2148 1154 2185 et
1170 2149 1342 2185 serrato
1359 2157 1385 2185 a
1401 2149 1560 2185 nostro
1579 2143 1713 2186 modo
1729 2141 1761 2184 il
1777 2155 1882 2184 cur—

248 2219 325 2263 tile
347 2227 393 2263 et
414 2220 532 2262 l'uso
554 2220 628 2263 del
649 2225 748 2261 orto
769 2234 850 2274 per
871 2218 1117 2275 spasegiar.

337 2309 380 2351 4.
446 2296 499 2339 Li
529 2296 613 2339 208
643 2295 790 2338 fiorini
818 2298 903 2338 che
925 2298 983 2339 ha
1011 2295 1215 2339 riceuuto
1243 2295 1274 2338 il
1297 2298 1349 2339 P.
1377 2295 1561 2340 Canisio
1593 2295 1640 2339 in
1669 2296 1885 2353 Augusta

248 2430 324 2462 sta.
345 2427 423 2461 Del
441 2427 491 2461 P.
510 2425 648 2461 Natal.
667 2425 901 2471 Exemplum
919 2425 1108 2472 epistolae
1125 2424 1256 2471 hujus,
1275 2425 1378 2460 unde
1397 2425 1502 2460 illam
1521 2425 1767 2472 protulimus,
1783 2430 1886 2461 tran-

251 2491 449 2533 sumptum
463 2497 551 2521 esse
566 2484 722 2520 videtur
736 2485 937 2531 archetypi
951 2484 1182 2520 Tridentum
1197 2497 1218 2520 a
1232 2485 1348 2521 Patre
1362 2484 1485 2520 Nadal
1501 2485 1594 2520 dati.
1608 2485 1653 2520 In
1666 2486 1740 2520 hoc
1753 2490 1885 2520 autern

251 2550 495 2592 transumpto
513 2544 642 2591 aliqua
666 2543 889 2579 emendavit
907 2544 1113 2591 Polancus,
1131 2544 1356 2592 priusquam
1380 2543 1546 2580 nitidum
1565 2546 1787 2591 exemplum
1805 2555 1887 2580 car-

252 2604 373 2640 dinali
391 2603 625 2640 mittendum
654 2602 996 2649 transcriberetur,
1015 2603 1119 2650 quod
1136 2603 1293 2650 quidem
1312 2603 1483 2639 indicare
1502 2603 1684 2639 videntur
1701 2615 1767 2647 ea,
1786 2614 1888 2650 quae

254 2665 296 2699 P.
318 2665 525 2709 Polancus,
545 2675 594 2698 ex
613 2661 901 2707 commissione,
921 2662 985 2698 die
1006 2661 1048 2697 13
1067 2663 1302 2698 Novembris
1321 2663 1369 2699 ad
1386 2663 1430 2698 P.
1452 2662 1694 2698 Ludovicum
1711 2662 1760 2698 de
1779 2663 1886 2698 Men-

252 2723 349 2759 doza
367 2722 537 2770 scripsit,
557 2722 721 2758 scilicet:
744 2721 807 2758 «Si
826 2733 896 2756 son
914 2722 1063 2757 rieeute
1081 2723 1223 2757 lettere
1240 2722 1304 2758 del
1322 2722 1367 2758 P.
1384 2722 1499 2757 Natal
1519 2727 1560 2757 et
1578 2723 1620 2757 P.
1642 2721 1800 2759 canisio
1818 2734 1889 2769 per

252 2784 288 2817 lo
315 2783 440 2818 Illmo.
473 2781 660 2825 cardinal,
688 2785 729 2816 et
755 2792 883 2815 uanno
909 2780 989 2828 qui,
1017 2780 1105 2816 anzi
1133 2781 1237 2817 forsa
1263 2781 1289 2817 il
1316 2781 1419 2828 plico
1437 2781 1544 2817 serra
1569 2781 1740 2817 drizzato
1763 2793 1785 2816 a
1809 2781 1887 2817 Sua

252 2842 350 2877 Sria.
369 2843 527 2877 Illma.»
546 2840 712 2886 Ibidem,
732 2840 798 2875 fol.
820 2839 902 2875 361.

324 2902 333 2922 ¹
385 2901 497 2936 Prius
515 2900 703 2947 scriptum
722 2899 848 2936 fuerat
867 2901 945 2935 dar
963 2901 1128 2947 qualche
1145 2901 1369 2949 raguaglio
1386 2912 1413 2935 a
1438 2900 1483 2936 V..

324 2964 338 2982 ‘-'
393 2959 510 2996 Come
528 2960 612 2995 dice
637 2964 698 2995 est
721 2970 744 2993 a
767 2959 936 2994 Polanco
960 2959 1147 3006 scriptum
1171 2960 1255 2995 loco
1279 2959 1460 2995 vocabuli
1478 2957 1569 3003 cosi,
1590 2959 1693 3007 quod
1714 2958 1886 2996 deletum

253 3025 326 3055 est.
1136 3032 1138 3034 ·

264 3085 268 3089 ”
323 3080 337 3099 ⁵
387 3079 472 3121 ben,
492 3078 665 3115 additum
683 3089 705 3112 a
723 3077 903 3113 Polanco.

449 3137 459 3152 0
