2196 3522
333 331 379 358 22
893 321 938 356 P.
966 320 1156 355 NATALIS
1181 319 1403 356 EPHEMER.

333 423 614 480 interrogaui
637 424 690 466 P.
721 424 758 465 F
760 421 1016 466 ranciscum
1044 421 1101 464 de
1128 419 1382 465 visionibus
1410 421 1562 465 fratris
1593 423 1794 475 Taxeda,
1828 421 1875 466 id
1901 428 1974 466 est

334 502 391 544 de
411 506 597 556 papatu,
622 506 710 544 etc.
736 498 863 542 Dixit
884 497 994 541 mihi
1015 497 1091 541 illa
1113 497 1266 541 infusa
1286 495 1337 557 [Ρ]
1358 512 1469 542 esse.

423 575 604 633 Negaui
625 581 888 619 constanter
909 577 1035 620 M,tro
1069 573 1235 619 Auilae
1258 576 1311 618 P.
1337 574 1431 618 don
1458 574 1659 632 Diegum
1680 576 1973 620 Gusmanum

334 660 380 697 et
397 654 629 697 doctorem
651 653 886 710 Loartum,
911 666 1026 707 quos
1047 652 1232 709 petebat
1254 666 1335 708 pro
1358 651 1570 709 episcopo
1591 652 1792 708 pacensi,
1816 659 1866 696 vt
1887 654 1965 697 do-

335 731 500 775 cebant
535 729 788 773 doctrinam
809 728 1050 786 xpianam.,
1082 729 1206 784 quod
1228 728 1528 772 ministerium
1550 728 1773 774 industrie
1799 736 1846 774 et
1873 731 1975 774 fru-

336 813 495 852 ctuose
516 807 753 864 gerebant:
778 806 1087 850 intellexeram
1109 805 1348 862 Vtriusque
1373 805 1607 850 historiam
1635 811 1682 851 et
1708 805 1973 852 definieram

336 885 457 941 apud
488 882 591 943 [me]
618 883 719 928 illos
747 885 935 927 Romam
964 884 1148 935 ducere,
1178 883 1302 939 quod
1339 889 1384 928 et
1422 882 1524 928 feci.
1567 885 1698 927 Tunc
1734 882 1843 927 dixi:
1888 899 1979 927 «no

338 960 496 1016 quiero
517 975 660 1018 ganar
682 962 838 1013 almas,
865 967 936 1005 etc
963 962 1016 1004 ¹.»

425 1081 495 1124 15
1070 1082 1254 1124 TOLETI

429 1193 566 1237 Venit
594 1207 771 1236 mecum
800 1194 948 1236 bonus
974 1192 1049 1237 ille
1076 1192 1335 1237 licentiatus
1363 1194 1515 1250 Lopez
1537 1207 1642 1238 cum
1671 1193 1974 1239 Sanctander.

339 1270 525 1327 Agebat
555 1277 833 1315 conuentum
863 1269 959 1328 [sic]
982 1271 1300 1327 theologorum
1322 1270 1380 1315 de
1401 1270 1609 1328 apologia
1631 1277 1791 1314 contra
1810 1271 1975 1314 decre-

340 1354 437 1391 tum
458 1346 783 1404 archiepiscopi
801 1346 953 1392 Silicei
970 1347 1091 1391 edita
1109 1347 1339 1391 Luteciae.
1357 1347 1424 1391 Ibi
1460 1362 1602 1404 quum
1620 1347 1799 1392 audiret
1814 1347 1980 1391 doctor

341 1424 511 1468 Cuesta
532 1425 649 1469 male
670 1422 827 1469 audire
848 1424 1078 1477 exercitia,
1103 1432 1149 1468 et
1171 1438 1272 1469 esse
1294 1424 1373 1480 qui
1394 1424 1566 1468 diceret
1581 1439 1682 1470 esse
1697 1425 1744 1468 in
1759 1424 1848 1468 illis
1862 1426 1974 1469 hae*

339 1515 479 1556 reses,
508 1515 615 1558 «per
634 1503 784 1546 Deum
808 1501 982 1559 (inquit)
1006 1501 1292 1546 mendacium
1320 1509 1391 1546 est
1421 1503 1543 1558 quod
1572 1501 1664 1545 sint
1690 1503 1902 1546 haereses
1927 1500 1979 1544 in

340 1578 582 1634 exercitijs,
607 1593 713 1622 nam
734 1593 824 1635 ego
847 1578 922 1622 illa
943 1578 1081 1635 vidj.»

429 1655 636 1700 Salutaui
651 1655 1039 1712 archiepiscopum
1054 1656 1240 1700 nomine
1255 1658 1430 1713 Vegae,
1460 1655 1468 1714 1
1495 1655 1573 1712 qui
1590 1662 1688 1700 erat
1703 1655 1769 1698 illi
1784 1655 1977 1699 amicus:

340 1732 523 1789 rogauit
552 1732 679 1776 cuias
707 1747 869 1777 essem:
902 1747 1042 1788 quum
1071 1733 1248 1778 audiret
1275 1732 1635 1787 maioricensem,
1665 1731 1892 1789 quaesiuit
1918 1746 1981 1775 an

340 1823 487 1854 essem
514 1808 683 1853 lullista
709 1810 725 1831 ⁸
756 1810 895 1867 (quod
923 1809 1124 1855 intellexi
1154 1810 1332 1868 fuisse):
1363 1809 1549 1868 negaui.
1594 1811 1770 1867 «Quot,
1805 1808 1975 1865 inquit,

340 1885 449 1930 estis
465 1885 513 1929 in
530 1886 804 1932 Societate?»
829 1889 925 1931 «De
941 1887 1155 1944 professis
1172 1887 1386 1946 (inquam)
1404 1902 1590 1944 possum
1606 1887 1897 1944 respondere:
1919 1887 1982 1930 de

341 1962 439 2007 aliis
460 1978 551 2007 non
573 1963 727 2008 item.»
757 1975 900 2019 «1500
922 1965 1045 2010 estis:
1071 1979 1160 2022 ego
1182 1965 1293 2009 scio.
1318 1965 1513 2009 Habetis
1539 1964 1663 2009 viros
1689 1964 1867 2009 nobiles
1893 1963 1979 2007 ali-

341 2047 453 2095 quot
487 2047 533 2084 et
568 2041 742 2093 doctos,
783 2047 829 2086 et
856 2040 1031 2096 aliquos
1058 2042 1168 2085 mihi
1198 2041 1455 2096 familiares,
1502 2044 1555 2086 P.
1601 2040 1895 2086 Franciscum
1931 2047 1985 2084 et

340 2119 399 2161 D.
432 2118 634 2161 Torrem.
671 2118 898 2171 Toletum,
930 2118 967 2161 si
995 2118 1161 2172 velitis,
1192 2118 1453 2173 venite,.ad
1479 2133 1553 2164 me
1578 2117 1753 2172 venite;
1783 2118 1865 2162 sed
1892 2119 1984 2161 hac

339 2194 460 2250 lege,
484 2201 534 2236 vt
555 2194 784 2251 recipiatis
810 2195 1043 2239 decretum
1071 2202 1230 2240 contra
1255 2197 1558 2253 neophytos.»
1583 2194 1691 2239 Dixi
1712 2208 1797 2238 nos
1816 2195 1834 2216 ²⁵
1863 2194 1983 2238 illud

340 2284 433 2313 non
468 2285 619 2327 posse,
654 2271 735 2315 sed
763 2270 1114 2328 simplicissime,
1146 2280 1195 2316 vt
1222 2287 1315 2316 non
1352 2271 1490 2316 fuerit
1525 2273 1742 2316 offensus.
1774 2272 1849 2315 16
1886 2271 1983 2315 Hic

340 2344 489 2391 bonus
510 2347 876 2405 archiepiscopus
898 2355 992 2394 erat
1015 2349 1162 2393 alieno
1184 2350 1335 2394 animo
1356 2364 1384 2393 a
1405 2348 1650 2394 Societate.

433 2423 594 2468 Edicto
626 2423 921 2470 interdixerat
957 2426 1083 2482 prius
1107 2426 1275 2470 nostris
1305 2441 1363 2471 ne
1395 2426 1442 2469 in
1473 2439 1558 2470 suo
1589 2425 2002 2484 archiepiscopatu⁴⁴

414 2600 424 2620 ¹
476 2597 560 2633 Fol.
583 2605 627 2646 14
643 2609 682 2632 v.
703 2609 842 2644 purum
859 2599 1038 2635 relictum
1057 2605 1132 2636 est.

410 2659 424 2679 ²
475 2656 520 2692 Id
538 2662 599 2692 est
616 2656 827 2692 Raimundi
844 2658 961 2693 Lullii
979 2660 1142 2695 assecla.
1163 2659 1345 2694 Natalem
1362 2663 1454 2694 ante
1473 2658 1610 2694 initam
1629 2658 1870 2695 Societatem
1887 2657 1981 2694 Lul-

341 2716 468 2752 lianae
487 2717 644 2752 scholae
661 2715 860 2752 addictum
878 2716 1001 2753 fuisse
1026 2723 1220 2754 assertum
1244 2716 1414 2753 vidimus
1433 2729 1454 2754 a
1480 2719 1531 2753 D.
1555 2719 1752 2765 JOSEPHO
1776 2718 1980 2765 QUADRA-

341 2784 414 2820 Do,
433 2776 563 2822 Epist.
584 2775 733 2819 Nadal,
754 2776 787 2822 Ι,
805 2775 866 2822 28,
885 2782 1017 2812 annot.
1038 2786 1072 2813 2.
1093 2778 1275 2824 Quonam
1299 2776 1339 2812 id
1363 2776 1619 2813 fundamento
1642 2777 1802 2813 innixus
1825 2776 1866 2812 id
1887 2775 1985 2812 scri-

340 2835 464 2881 pserit
480 2834 546 2871 ille
559 2840 708 2881 auctor,
723 2835 960 2881 ignoramus.
976 2837 1077 2872 Illud
1090 2842 1240 2873 certum
1255 2841 1317 2872 est
1342 2848 1392 2873 ex
1409 2835 1558 2873 Chron.
1574 2836 1732 2881 Natat„
1746 2849 1787 2872 n.
1802 2846 1862 2883 29,
1889 2847 1979 2872 eum

342 2893 391 2930 ad
408 2894 566 2930 domum
591 2894 796 2930 Trinitatis
819 2895 1034 2932 secessisse
1058 2902 1101 2932 ut
1125 2895 1267 2932 studiis
1291 2907 1450 2944 operam
1474 2902 1651 2932 navaret.
1677 2897 1723 2935 In
1751 2896 1820 2932 illa
1847 2899 1980 2932 autem

338 2953 456 2989 domo
469 2953 550 3000 jam
568 2965 590 2990 a
608 2953 741 2990 multis
759 2954 871 2990 annis
889 2955 1018 2990 studia
1032 2955 1192 2991 lulliana
1204 2955 1385 2991 floruisse
1399 2956 1546 3003 passim
1560 2956 1753 2992 affirmant
1767 2954 1983 3001 scriptores

335 3012 632 3059 majoricenses.
660 3013 761 3049 Vide
785 3014 1031 3060 LAFUENTE,
1057 3015 1245 3050 Historia
1274 3015 1322 3051 de
1352 3016 1414 3051 las
1442 3016 1796 3052 universidades...
1828 3025 1878 3050 en
1903 3012 1980 3048 Es-

329 3074 461 3119 passa‚
482 3077 515 3108 t.
539 3073 572 3119 Ι,
590 3084 678 3120 cap.
704 3081 761 3108 x11
780 3078 820 3109 et
839 3081 981 3108 xxvm.

416 3132 430 3152 ³
480 3131 570 3178 Ms.,
589 3143 682 3168 non.
