2196 3522
936 254 982 291 29
1006 245 1122 292 Jmm
1148 243 1239 291 1563
1838 243 1908 290 315

1032 434 1158 475 2⁸8

744 537 794 573 P.
827 535 1070 584 JOANNES
1095 537 1167 572 DE
1189 519 1443 574 POLANco

918 643 968 667 ex
993 631 1266 667 commissione

524 729 775 772 PATRI
827 727 1325 771 HIERONYMO
1377 727 1656 772 NADAL

789 829 1002 863 TRlDEN'n,
1029 829 1076 867 29
1096 829 1206 864 Jtmn
1233 819 1326 865 1563
1353 819 1378 856 ¹.

262 915 306 941 1.
330 905 495 942 Natalis
522 905 793 941 Vindobonam
813 904 931 951 petit:
954 903 1128 940 Achilles
1154 902 1395 951 Gagliardi:
1412 903 1788 942 Maldonatus.—2.
1820 904 1907 941 Col-

337 966 490 1014 legium
504 965 782 1012 dilinganum.
791 983 824 988 --
836 973 870 1009 3.
888 963 1017 999 Lectio
1030 962 1256 998 dialectices
1269 963 1515 1011 Ingolstadii
1524 967 1563 1000 et
1571 963 1906 1012 Moguntiaexol-

337 1026 491 1073 legium
512 1024 780 1071 herbipolense
802 1023 1202 1067 instituendum.—4.
1224 1022 1536 1058 Stevordianus:
1555 1023 1718 1060 Natalis
1737 1025 1905 1061 itinera:

335 1085 472 1120 Dirsii
483 1083 775 1132 aegritudines.
788 1103 818 1107 —
828 1091 862 1126 5.
879 1082 1020 1118 Schola
1034 1080 1179 1117 melior
1191 1082 1401 1130 Augustae
1413 1083 1773 1119 desideratur.-6.
1782 1084 1905 1120 Anto-

335 1144 430 1179 nius
455 1143 577 1179 Vinck
595 1142 826 1189 magistros,
845 1141 917 1188 qui
933 1139 1106 1177 calleant
1124 1141 1311 1189 linguam
1332 1141 1532 1189 gallicam
1549 1145 1587 1178 et
1605 1144 1903 1190 germanicam,

331 1203 620 1251 postulat.-7.
638 1201 820 1238 Adriani
835 1201 1030 1248 exemptio
1047 1200 1096 1235 ab
1118 1201 1453 1237 obedientia.—8.
1478 1200 1661 1250 Collegia
1685 1203 1852 1251 Pragae
1868 1205 1906 1239 et

344 1263 535 1298 Viennae:
555 1261 608 1297 P.
623 1261 750 1308 saen:
773 1260 982 1296 Terentius
1010 1262 1276 1307 expurgatus.-
1305 1271 1411 1296 ποι-α
1436 1261 1560 1296 editio
1585 1261 1681 1297 libri
1702 1263 1906 1298 exercitio-

335 1334 446 1357 rum:
467 1321 650 1368 Joannes
678 1320 844 1368 anglus:
875 1319 963 1356 ΡΡ.
995 1319 1138 1354 Torres
1166 1321 1203 1354 et
1225 1319 1502 1365 HermeS.—9.
1531 1319 1706 1356 Litterae
1729 1322 1906 1358 indicae:

334 1381 495 1429 collegii
519 1380 682 1416 romani
703 1379 985 1415 dotatio.—10.
1013 1379 1169 1414 Domus
1187 1378 1438 1426 probationis
1463 1380 1507 1415 in
1536 1379 1763 1416 Germania
1788 1381 1905 1416 insti-

336 1441 523 1476 tuendae:
553 1439 768 1487 collegium
795 1441 1120 1486 pragense.-11.
1149 1437 1211 1473 De
1229 1438 1532 1475 concilim—12.
1560 1440 1637 1475 Res
1661 1440 1906 1488 Hispaniae.-

337 1503 474 1536 votum
495 1500 634 1535 Lainii
650 1498 699 1534 de
716 1497 989 1534 communione
1007 1498 1080 1534 sub
1098 1503 1261 1545 utraque
1279 1498 1324 1533 in
1341 1499 1459 1534 curia
1476 1499 1707 1537 laudatum.

360 1596 397 1627 1.
463 1585 559 1627 Pax
582 1582 690 1640 Xpi.
716 1589 804 1627 etc.
831 1582 1095 1626 Ricceuette
1117 1583 1175 1626 N.
1204 1584 1255 1626 Ρ.
1283 1582 1431 1638 quella
1452 1581 1498 1626 di
1520 1584 1579 1627 V.
1605 1584 1659 1627 R.
1686 1583 1732 1626 di
1755 1594 1804 1638 15
1829 1585 1903 1628 del

263 1762 395 1793 tamen
426 1767 515 1792 esse
544 1756 659 1792 istam
689 1755 979 1803 exemptionem
1009 1755 1227 1802 oportebit,
1258 1767 1307 1791 ne
1337 1755 1401 1791 eui
1430 1755 1613 1791 scandalo
1642 1756 1708 1802 sit,
1740 1758 1803 1793 uel
1829 1768 1901 1793 suo

263 1816 443 1863 exemplo
462 1820 617 1851 moueat
635 1815 733 1851 alios
750 1815 799 1851 ad
817 1826 903 1851 earn
922 1814 1197 1862 expetendam:
1217 1814 1308 1861 quia
1326 1826 1463 1850 reuera
1482 1814 1521 1850 in
1545 1815 1744 1852 Societate
1770 1821 1902 1852 nostra

264 1876 345 1910 sola
368 1879 443 1920 est,
474 1885 547 1910 nec
576 1875 678 1910 ullus
708 1874 748 1910 in
779 1875 885 1910 nulla
914 1873 1115 1921 prouincia
1134 1873 1424 1920 exemptionem
1455 1874 1618 1910 retinuit
1642 1875 1836 1923 (quamuis
1861 1875 1901 1911 in

263 1933 454 1982 principio
471 1933 572 1969 forte
590 1933 752 1969 liberius
770 1933 955 1969 darentur
971 1933 1198 1977 nonnullae)
1216 1932 1306 1980 quia
1330 1932 1386 1969 sic
1405 1932 1535 1969 visum
1559 1939 1635 1979 est,
1651 1934 1816 1970 docente
1835 1947 1901 1971 ex-

263 1993 470 2041 perientia,
491 1992 614 2039 magis
631 1992 856 2028 conuenire.
875 1992 978 2039 Quia
1002 1997 1134 2028 tamen
1157 1992 1208 2028 R.
1234 1992 1286 2028 V.
1310 1992 1468 2028 omnino
1492 1993 1688 2040 significat
1712 1993 1787 2030 sibi
1811 2006 1899 2030 esse

263 2051 540 2097 necessariam,
560 2051 604 2086 P.
624 2051 673 2086 N.
693 2050 911 2097 negandam
929 2051 1036 2086 illam
1053 2062 1131 2087 non
1149 2051 1317 2094 censuit;
1343 2062 1503 2098 sperans
1527 2051 1780 2088 nihilominus
1797 2052 1899 2100 quod

262 2110 360 2146 citra
374 2111 491 2146 ullam
510 2110 791 2156 obligationem
809 2110 857 2146 V.
876 2110 926 2146 R.
944 2121 994 2146 ex
1016 2109 1252 2156 humilitate,
1271 2115 1311 2145 et
1337 2110 1423 2157 [sic]
1441 2122 1575 2146 eorum
1598 2111 1762 2147 consilia
1786 2124 1899 2148 suum

264 2163 415 2217 pondus
432 2170 577 2205 habere
595 2169 697 2216 apud
715 2181 757 2205 se
782 2170 902 2205 uolet.
928 2169 1112 2217 Alioquin
1131 2170 1164 2205 si
1185 2181 1262 2216 qua
1279 2169 1319 2205 in
1336 2181 1379 2205 re
1397 2170 1672 2206 allucinaretur
1689 2171 1808 2218 (quod
1826 2172 1899 2207 sub

262 2230 396 2277 specie
414 2229 506 2265 boni
523 2229 640 2265 etiam
659 2228 816 2276 optimis
834 2228 927 2264 uiris
945 2229 1121 2265 accidere
1140 2231 1285 2276 potest)
1299 2240 1387 2264 cum
1402 2229 1449 2265 R.
1466 2229 1515 2265 V.
1535 2241 1613 2265 non
1631 2231 1773 2266 habeat
1787 2242 1901 2278 supe-

263 2289 419 2333 riorem,
434 2300 483 2324 ne
498 2289 723 2335 episcopum
737 2287 909 2335 quidem,
924 2293 964 2324 et
976 2288 1172 2335 generalis
1187 2288 1238 2324 sit
1252 2290 1481 2335 procul,nec
1495 2288 1688 2336 inspicere
1703 2301 1765 2325 res
1780 2290 1896 2326 inter·
1956 2281 1967 2295 ⁴

264 2360 333 2385 nas
350 2359 439 2384 cum
454 2348 535 2384 suis
548 2347 852 2384 circumstantiis
870 2359 939 2394 per
955 2347 1143 2395 scriptum
1160 2347 1297 2394 possit,
1315 2347 1355 2383 in
1371 2347 1506 2394 grauia
1524 2347 1769 2384 incommoda
1786 2349 1895 2396 spiri-

265 2408 383 2445 tualia
397 2413 531 2455 posset
543 2407 715 2444 incidere
730 2407 778 2443 V.
794 2407 841 2442 R.
858 2407 900 2443 Si
913 2412 1044 2443 tamen
1056 2407 1217 2443 consilia
1230 2406 1406 2443 conferet
1421 2412 1462 2443 et
1474 2407 1727 2454 audiat,citra
1740 2420 1894 2445 omnem

262 2468 543 2514 obligationem
561 2467 775 2515 praecepti,
793 2466 863 2502 sed
879 2478 969 2502 cum
987 2466 1169 2502 libertate
1187 2466 1263 2502 sibi
1280 2472 1448 2513 retenta,
1466 2466 1710 2502 incommoda
1728 2467 1792 2503 illa
1816 2468 1896 2504 eui—

262 2527 337 2563 tari
354 2532 527 2574 possent.
542 2526 743 2574 Relinquit
757 2526 875 2562 etiam
892 2526 936 2560 P.
952 2525 1003 2560 N.
1018 2525 1262 2572 praepositus
1275 2526 1316 2561 in
1330 2525 1452 2561 libera
1466 2526 1666 2561 uoluntate
1680 2526 1772 2561 Rae
1794 2527 1841 2562 V.
1852 2534 1894 2556 ae

264 2585 298 2621 si
315 2585 413 2621 uelit
429 2585 606 2621 confiteri
622 2584 829 2633 aliquando
846 2583 951 2619 Patri
970 2583 1199 2630 prouinciali
1215 2584 1320 2632 (quia
1336 2584 1437 2619 forte
1453 2585 1613 2620 umbrae
1627 2586 1894 2631 scrupulorum

264 2651 306 2681 et
329 2644 470 2680 similia
493 2644 746 2692 diffugerent)
776 2644 840 2679 uel
871 2643 989 2679 etiam
1018 2642 1125 2678 Patri
1154 2642 1322 2689 rectori,'
1339 2649 1382 2679 ut
1411 2654 1544 2678 eorum
1569 2643 1742 2679 consiliis
1773 2644 1895 2691 possit

265 2701 402 2741 iuuari:
420 2703 538 2740 faciat
554 2714 648 2750 ergo
664 2703 767 2751 quod
783 2702 859 2739 sibi
875 2701 924 2738 ad
940 2701 1203 2738 conscientiae
1221 2713 1314 2737 suae
1338 2701 1588 2737 securitatem
1612 2706 1652 2737 et
1677 2702 1894 2748 profectum

263 2775 310 2800 ac
327 2763 632 2799 consolationem
648 2763 800 2798 animae
814 2773 908 2798 suae
926 2760 1157 2797 indicauerit
1170 2760 1370 2808 expedire,
1385 2765 1425 2796 et
1443 2760 1598 2796 studeat
1616 2762 1719 2796 bono
1732 2766 1773 2796 et
1790 2763 1893 2798 laeto

266 2835 355 2859 esse
378 2823 522 2867 animo,
547 2827 588 2858 et
612 2834 634 2858 a
658 2824 744 2858 Deo
760 2827 868 2869 petat
890 2820 1055 2868 gratiam
1074 2819 1315 2867 directionis,
1339 2832 1454 2868 quam
1480 2825 1519 2856 et
1543 2831 1614 2855 nos
1638 2826 1818 2867 petemus
1843 2823 1893 2858 ab

264 2882 387 2930 ipsius
405 2882 580 2918 bonitate
597 2893 665 2928 pro
682 2881 732 2917 R.
757 2881 823 2927 V.,
841 2892 957 2928 quam
975 2880 1059 2927 ipse
1080 2881 1269 2915 bonorum
1292 2879 1464 2915 omnium
1487 2879 1574 2914 fons
1598 2879 1638 2914 in
1661 2879 1767 2915 omni
1791 2881 1893 2917 bono

264 2953 494 2991 promouere
519 2942 715 2989 dignetur.
741 2940 934 2987 Tridenti,
961 2949 1006 2976 22
1035 2939 1142 2986 Junii
1174 2938 1303 2984 1563.»
1332 2940 1391 2975 Ex
1420 2940 1608 2984 Regesto,
1638 2938 1732 2974 Cod.
1762 2949 1805 2985 33
1830 2941 1858 2976 d
1857 2943 1890 2986 l,

264 3003 309 3040 ff.
334 3003 394 3050 86,
413 3002 476 3048 87.

336 3066 348 3086 ¹
398 3063 457 3098 Ex
474 3062 662 3108 Regesto,
682 3060 777 3097 Cod.
801 3070 843 3107 33
860 3060 920 3107 d),
939 3059 985 3096 ff.
1007 3068 1132 3105 92-94.
1158 3058 1203 3094 In
1221 3058 1409 3105 margine:
1429 3059 1509 3095 P.e
1529 3057 1689 3094 Natale.
