2196 3522
0 271 21 315 5
516 268 523 271 ’
900 279 1124 316 ΑΡΡΕΝοιΧ
1758 281 1832 329 673

0 327 10 365 i

179 379 401 432 scribere,
426 394 534 423 cum
553 394 689 425 nemo
710 379 994 434 rescriberet3
1018 381 1100 424 sed
1121 381 1253 426 iustis
1273 382 1651 439 occupationibus
1666 384 1831 429 vestris

190 438 360 482 factum
382 453 484 484 esse
503 439 653 492 video,
679 440 801 495 quod
828 439 978 483 minus
994 440 1258 495 caeleriter,
1293 456 1430 497 quam
1460 443 1718 499 cupiebam,
1755 458 1829 488 re-

182 512 409 565 sponsum
432 499 599 555 accepi.
623 500 763 555 Quod
785 499 920 544 etiam
942 498 989 542 in
1010 514 1204 545 messem
1220 502 1480 557 plocensem
1496 502 1726 559 operarios
1742 503 1831 546 mi-

192 557 357 612 seritis,
381 559 515 603 valde
535 558 646 601 mihi
667 566 849 616 gratum
871 558 956 601 fuit
979 573 1274 616 cognoscere:
1295 561 1405 604 faxit
1422 563 1548 606 Deus
1564 570 1614 604 vt
1631 563 1830 605 fructum

194 616 339 683 ferant
361 617 610 674 copiosum,
635 627 681 662 et
700 625 751 660 vt
772 617 935 662 Vilnae
955 632 1140 675 quoque
1165 626 1363 663 vestram
1386 620 1659 665 Societatem
1682 622 1830 665 caele-

191 675 286 719 rius
307 676 462 721 videre
483 691 662 732 queam.
688 679 768 720 Est
789 677 909 720 enim
927 684 1021 720 tota
1039 678 1290 722 Lithwania
1306 678 1576 735 quibusdam
1593 681 1830 748 horrendis

190 736 455 780 haeresibus
477 736 679 793 grauiter
700 737 912 789 infaecta,
935 750 1109 793 paucos
1130 737 1219 781 iam
1235 738 1280 781 in
1298 752 1352 782 ea
1368 738 1616 782 catholicos
1632 739 1830 795 reperire

183 794 310 848 licet,
336 810 393 838 ex
414 795 710 840 nobilioribus
732 795 984 852 presertim.
1010 796 1103 841 Sed
1125 805 1170 841 et
1192 796 1240 840 in
1260 812 1404 854 regno
1426 798 1566 841 nihilo
1587 799 1745 842 melior
1760 808 1830 843 est

179 860 333 898 status
354 854 606 912 religionis,
631 869 767 910 quam
789 854 875 898 fuit
897 862 1043 899 antea.
1070 855 1262 899 Ruunt
1251 871 1298 899 1n
1325 857 1526 901 deterius
1554 857 1722 910 omnia,
1755 873 1831 902 sa-

188 913 439 957 thanismus
461 914 598 958 sumit
619 914 755 968 vires,
780 913 983 970 quotidie
1013 915 1166 971 plures
1194 917 1251 959 ab
1280 916 1520 960 haereticis
1547 924 1831 973 occupantur

176 972 418 1017 ecclesiae.
443 973 700 1041 Collegium
725 982 875 1017 tamen
897 975 1275 1031 Brunsbergense
1297 990 1389 1019 non
1410 975 1710 1043 poenitendos
1730 977 1828 1020 fru-

178 1039 288 1075 ctus
309 1033 470 1086 adfert,
495 1033 736 1090 praecipue
757 1032 805 1076 in
834 1039 990 1077 tenera
1010 1033 1252 1078 iuuentute
1273 1034 1568 1087 instituenda,
1595 1043 1640 1080 et
1662 1035 1709 1079 in
1731 1035 1829 1080 dies

186 1091 328 1135 maior
349 1092 401 1134 fit
422 1107 476 1137 eo
498 1106 762 1146 concursus,
787 1092 997 1148 quamuis
1019 1093 1130 1136 nihil
1152 1093 1426 1139 intentatum
1448 1094 1665 1139 haeretici
1687 1094 1825 1139 relin-

180 1157 344 1206 quant,
369 1158 418 1194 vt
440 1158 650 1208 parentes
670 1153 944 1206 deterreant,
969 1152 1213 1208 quominus
1234 1153 1401 1197 liberos
1422 1168 1476 1198 eo
1499 1168 1607 1197 suos
1624 1154 1824 1208 mittant,

188 1217 235 1254 et
262 1217 331 1254 est
359 1225 431 1254 res
459 1225 550 1255 non
578 1211 723 1268 magis
750 1211 1046 1256 admiratione
1074 1226 1208 1268 quam
1241 1213 1637 1257 commiseratione
1666 1213 1823 1270 digna,

188 1270 311 1324 quod
332 1271 484 1313 nullus
512 1271 660 1314 adhuc
687 1270 904 1315 inuentus
933 1278 1002 1314 ost
1029 1271 1302 1324 haereticus,
1336 1271 1414 1328 qui
1442 1272 1609 1316 liberos
1636 1287 1692 1316 eo
1720 1287 1828 1317 suos

186 1329 402 1382 mitteret,
426 1345 486 1374 ne
511 1343 568 1373 ex
593 1330 743 1374 vicina
771 1329 952 1386 quidem
981 1330 1167 1375 ciuitate
1197 1331 1408 1399 Elbinga,
1441 1346 1558 1387 quae
1587 1339 1764 1375 tantum
1797 1345 1827 1388 4

186 1387 435 1432 miliaribus
469 1388 624 1444 distat,
663 1396 710 1433 et
745 1396 815 1432 est
851 1389 1043 1435 ecclesia
1079 1404 1207 1435 meae
1234 1390 1580 1447 jurisdictionis,
1612 1392 1826 1447 quodque

186 1447 331 1504 magis
353 1447 516 1492 mirum
537 1455 622 1501 est,
646 1450 704 1493 ad
725 1448 959 1505 primarios
980 1451 1199 1505 quosdam
1229 1450 1404 1494 nobiles
1432 1450 1542 1493 mihi
1571 1450 1821 1518 subiectos,

184 1506 493 1563 ecclesiaeque
515 1522 642 1553 meae
662 1509 856 1552 vasallos
877 1509 1088 1566 ablegaui
1110 1510 1350 1566 quosdam,
1383 1518 1431 1554 vt
1463 1524 1574 1553 suos
1606 1509 1762 1554 filios
1750 1525 1823 1553 ιιι-

183 1565 439 1611 stituendos
476 1568 704 1612 traderent
742 1567 959 1613 Societati
993 1575 1188 1621 vestrae,
1230 1584 1345 1625 quos
1372 1569 1468 1625 ipse
1496 1576 1683 1626 sumptu
1720 1584 1822 1613 meo

180 1625 303 1669 alere
326 1627 645 1683 Brunsbergae
666 1626 919 1694 cupiebam,
944 1642 1093 1684 neque
1118 1638 1266 1672 tamen
1290 1635 1338 1671 vt
1361 1628 1406 1672 id
1430 1629 1631 1673 facerent
1653 1629 1820 1672 adduci

184 1691 445 1740 potuerunt
472 1685 652 1729 Accidit
673 1686 825 1739 etiam,
851 1687 972 1754 quod
994 1687 1176 1743 quidam
1198 1688 1362 1731 nobilis
1383 1689 1503 1731 bona
1525 1688 1694 1732 vellet
1683 1703 1728 1730 ιιι
1748 1687 1820 1731 di-

184 1744 307 1787 tione
345 1759 445 1788 mea
480 1758 756 1802 comparare,
797 1745 890 1802 qui,
930 1760 1035 1790 cum
1072 1762 1162 1790 non
1200 1755 1321 1792 esset
1357 1746 1624 1799 catholicus,
1666 1761 1816 1803 neque

186 1810 338 1847 tamen
360 1803 422 1846 illi
444 1818 613 1860 negare
635 1819 829 1861 possem,
853 1819 956 1849 cum
981 1820 1142 1852 omnes
1164 1808 1324 1850 harum
1355 1814 1574 1850 terrarum
1606 1820 1819 1862 proceres

185 1861 421 1914 instarent,
459 1877 528 1916 ac,
567 1871 614 1906 vt
647 1863 710 1907 illi
752 1865 1046 1921 gratificarer,
1086 1873 1309 1932 peterent;
1350 1874 1398 1908 vt
1429 1873 1475 1909 et
1513 1865 1819 1910 conscientiae

186 1935 312 1966 meae
349 1922 670 1977 satisfacerem,
709 1930 755 1968 et
791 1923 940 1968 minus
976 1925 1180 1981 grauiter
1216 1925 1341 1968 illum
1374 1926 1667 1978 offenderem,
1706 1924 1813 1977 dixi,

181 1981 320 2036 quod,
346 1981 464 2024 sicut
486 1981 559 2025 ille
581 1997 795 2038 peruersa
815 1983 1034 2040 religione
1056 1985 1250 2040 quadam
1280 1985 1610 2041 prohiberetur,
1643 1984 1814 2051 quomi

178 2054 268 2083 nus
290 2040 437 2092 nobis,
463 2042 550 2084 hoc
571 2049 656 2094 est,
681 2056 784 2085 cum
807 2043 998 2087 ecclesia
1019 2043 1242 2087 catholica
1262 2043 1634 2095 communicaret,
1660 2043 1725 2086 sic
1743 2058 1816 2086 me

179 2113 363 2154 quoque
386 2115 412 2141 v
416 2115 493 2143 era
515 2100 732 2157 religione
754 2101 996 2158 prohiberi,
1016 2103 1258 2158 quominus
1276 2103 1317 2147 ei
1334 2103 1595 2159 permittere
1614 2117 1811 2158 possem,

177 2164 228 2200 vt
249 2158 468 2203 ecclesiae
490 2173 617 2204 meae
638 2161 834 2204 vasallus
854 2169 991 2215 esset3
1016 2163 1097 2207 sed
1119 2177 1193 2206 me
1216 2169 1384 2214 tamen,
1416 2163 1539 2217 quod
1569 2163 1696 2204 salua
1725 2162 1815 2206 fide

179 2232 279 2261 mea
301 2218 450 2262 facere
472 2233 605 2274 posse
627 2218 799 2273 videor,
822 2219 1015 2266 libenter
1037 2223 1122 2265 hoc
1145 2221 1206 2264 illi
1230 2235 1570 2273 concessurum,
1596 2228 1644 2262 vt
1673 2220 1815 2276 ipsius

177 2276 271 2320 filio
294 2277 408 2319 tradi
430 2284 476 2320 et
497 2277 680 2321 inscribi
702 2279 821 2323 bona
843 2279 1163 2335 permitterem,
1189 2281 1439 2323 dummodo
1461 2294 1565 2323 eum
1588 2279 1697 2322 mihi
1722 2286 1813 2323 tra-

177 2336 307 2380 deret
327 2337 631 2389 educandum,
657 2344 702 2382 et
723 2337 768 2380 in
790 2339 880 2382 fide
901 2339 1147 2383 christiana
1167 2339 1513 2384 instituendum.
1542 2339 1815 2395 Refragatus

179 2402 251 2437 est
270 2395 309 2437 is
332 2395 622 2450 aliquamdiu,
649 2397 829 2464 tandem
852 2412 1065 2442 assensus
1081 2406 1166 2452 est,
1186 2413 1239 2442 ac
1255 2400 1371 2442 duos
1388 2398 1504 2441 filios
1526 2413 1634 2441 suos
1657 2404 1814 2453 postea

184 2455 521 2511 Brunsbergam
543 2454 680 2508 misit,
706 2455 782 2511 qui
804 2456 939 2500 simul
958 2465 1008 2502 vt
1038 2457 1431 2501 communicarunt
1453 2458 1542 2500 ritu
1564 2456 1812 2500 catholico-

180 2527 280 2556 rum
318 2528 408 2555 non
445 2514 606 2566 coacti,
632 2515 713 2559 sed
749 2515 920 2571 Spiritu
956 2524 1114 2560 sancto
1142 2524 1438 2574 suggerente,
1473 2523 1578 2560 ante
1606 2530 1809 2558 mensem

182 2579 424 2628 utrumque
446 2573 647 2626 abstulit,
672 2581 733 2626 et,
758 2582 808 2616 vt
829 2574 980 2630 audio,
999 2576 1229 2633 magistris
1246 2575 1485 2633 haereticis
1508 2574 1812 2618 instituendos

181 2632 358 2675 tradere
379 2631 573 2688 cogitat.
598 2647 714 2687 quae
739 2648 811 2677 res
837 2634 1147 2680 incredibilem
1170 2635 1322 2679 animo
1343 2650 1443 2678 meo
1466 2633 1718 2678 molestiam
1740 2640 1809 2676 at-

176 2690 295 2733 tulit.
322 2692 424 2734 Non
447 2691 574 2746 potui
596 2706 793 2746 namque
814 2707 906 2736 non
927 2695 1221 2738 vehementer
1242 2695 1411 2746 dolere,
1433 2693 1574 2748 quod,
1595 2706 1712 2747 quos
1733 2707 1809 2735 so-

174 2750 242 2793 los
265 2750 514 2793 haereticos
541 2750 806 2806 parentibus
834 2759 967 2795 natos
987 2753 1172 2797 Christo
1199 2753 1477 2796 lucrifecisse
1504 2751 1706 2803 videbar,
1732 2766 1810 2794 eos

171 2809 352 2861 abduci,
378 2816 428 2851 vt
449 2808 495 2851 in
518 2809 640 2852 aliud
657 2811 947 2866 euangelium
966 2813 1334 2864 transferrentur,
1355 2812 1612 2855 cernebam
1635 2812 1807 2854 Verum

171 2869 284 2912 haec
307 2876 376 2912 est
398 2876 598 2924 potestas
620 2870 923 2937 tenebrarum.
945 2870 1069 2914 Nihil
1090 2872 1215 2927 n[on]
1240 2870 1474 2927 sathana[e
1476 2871 1489 2926 ]
1515 2869 1807 2928 permittitur,

175 2934 226 2969 vt
246 2934 453 2970 sanctum
475 2929 562 2970 hoc
589 2927 857 2971 institutum
876 2928 922 2971 in
952 2929 1102 2985 pueris
1130 2937 1287 2975 sancte
1317 2928 1564 2974 educandis
1593 2923 1810 2994 impedire

176 2993 326 3041 queat.
351 2987 659 3042 Quamobrem
681 2993 727 3029 et
746 2987 868 3031 hoc
856 3002 944 3031 lam
967 2988 1208 3032 consilium
1240 2997 1423 3045 captum
1455 2987 1540 3031 fuit
1571 3003 1598 3030 a
1629 2986 1807 3039 vicinis,

176 3059 234 3090 ne
257 3045 366 3101 quid
387 3060 537 3088 rerum
565 3044 611 3088 in
639 3045 856 3102 oppidum
885 3047 997 3090 illud
1025 3061 1177 3091 meum
1206 3047 1526 3104 importaretur
1554 3046 1611 3090 ad
1639 3045 1813 3089 victum
