2196 3522
736 293 773 327 4,
802 281 845 316 16
871 289 924 317 ET
953 287 996 325 17
1021 279 1288 316 Snp‘rssunms
1312 278 1404 325 1563
1825 279 1913 329 375-

261 381 527 439 absoluisse,
551 382 904 438 frequenterque
919 388 965 425 et
980 382 1153 425 Romae
1168 387 1215 426 et
1230 387 1461 438 postremo
1483 379 1558 424 hic
1572 380 1755 438 publice
1771 395 1897 426 sum-

260 473 334 503 ma
354 472 459 502 cum
481 458 616 503 laude
638 458 909 515 disputasse,
928 464 976 501 et
994 457 1133 501 fuisse
1149 457 1473 511 examinatum3
1493 456 1707 502 idoneum
1729 472 1830 503 esse
1851 465 1902 504 et

259 534 468 592 dignum,
491 534 673 579 nemine
694 534 996 591 discrepante,
1019 533 1299 587 censuimus,
1320 548 1455 590 quem
1473 534 1721 591 apostolica
1737 542 1896 593 aucto-

259 611 409 665 ritate,
433 611 567 655 nobis
592 626 830 666 concessa,
860 612 1092 656 doctorem
1122 625 1279 656 sacrae
1306 611 1565 668 theologiae
1591 613 1601 632 ¹
1632 611 1898 668 designare-

259 702 376 740 mus,
403 687 743 732 institueremus
760 695 807 732 et
822 702 1083 745 crearemus
1098 701 1203 731 cum
1221 686 1584 731 solemnitatibus
1600 695 1646 733 et
1663 702 1897 733 caeremo-

261 763 349 808 niis
384 765 630 809 consuetis.
671 766 721 808 Id
736 779 868 825 ,uero
910 764 1100 809 fecimus
1141 763 1215 809 die
1256 765 1386 808 XXII
1423 765 1438 785 ²
1483 764 1652 808 mensis
1692 765 1899 822 Augusti

262 843 327 887 M.
350 843 409 886 D.
435 842 473 886 L
495 843 539 886 X
561 843 619 886 III
640 842 687 885 in
714 844 800 886 hac
827 855 1037 886 caesarea
1057 841 1287 886 academia
1314 841 1556 886 Societatis
1578 843 1690 900 Jesu
1717 842 1900 899 publice

259 926 306 962 et
326 918 542 975 legitime.
569 920 620 962 In
642 933 835 975 quorum
863 919 999 975 fidem
1027 917 1116 962 hoc
1141 918 1338 975 diploma
1366 917 1447 962 tibi
1476 918 1738 963 censuimus
1757 918 1859 964 esse
1880 920 1899 941 ³

259 996 475 1048 dandum,
502 995 568 1038 tui
588 996 851 1040 doctoratus
872 995 888 1016 ⁴
910 1009 1071 1038 uerum
1094 1002 1140 1039 et
1170 994 1425 1052 legitimum
1454 995 1781 1039 testimonium.
1807 998 1898 1040 Fa-

260 1071 325 1115 xit
353 1071 586 1126 Christus,
619 1078 670 1115 ut
695 1071 902 1116 doctrina
928 1078 1006 1116 tua
1035 1071 1255 1129 singulari
1283 1078 1329 1115 et
1364 1073 1451 1115 hac
1487 1071 1650 1115 eximia
1683 1073 1899 1117 facultate

262 1147 402 1192 utaris
430 1149 487 1192 ad
513 1147 728 1192 maiorem
756 1147 939 1192 Domini
966 1147 1112 1192 nostri
1134 1150 1247 1206 Jesu
1275 1147 1446 1192 Christi
1482 1148 1692 1206 gloriam,
1732 1150 1898 1193 multa—

262 1239 455 1280 rumque
475 1223 726 1268 animarum
747 1231 794 1268 et
815 1224 1114 1269 eruditionem
1136 1225 1431 1268 orthodoxam
1455 1232 1501 1269 et
1523 1232 1754 1270 aeternam
1775 1226 1899 1270 salu-

262 1307 370 1346 tem.
394 1302 564 1345 Datum
587 1301 792 1346 Viennae
817 1300 1033 1346 Austriae
1054 1301 1099 1344 in
1123 1301 1318 1359 collegio
1340 1301 1583 1347 Societatis
1598 1304 1709 1361 Jesu
1741 1293 1914 1348 caesa?

262 1392 356 1431 reo,
381 1377 454 1422 die
475 1379 534 1422 III
570 1378 850 1435 Septembris
872 1380 886 1401 ³
909 1392 1029 1422 anno
1051 1378 1236 1422 Domini
1264 1378 1502 1424 millesimo
1530 1379 1903 1437 quingentesimo

260 1454 544 1512 sexagesimo
566 1454 715 1500 tertio.
909 1508 923 1519 Ι

664 1532 693 1590 ᾖ·
725 1533 1054 1578 H1ERONYMUS
1086 1534 1322 1587 NATALIS,
1358 1532 1712 1577 commissarius.
1747 1533 1777 1591 †

1150 1609 1181 1669 †

346 1687 430 1743 Est
449 1687 660 1744 sigillum
681 1687 915 1730 Societatis
929 1687 1058 1745 Jesu.

349 1765 391 1806 A
414 1767 559 1821 tergo:
579 1763 908 1808 Testimonium
931 1765 1193 1809 doctoratus
1214 1766 1246 1809 ⁶.

579 2033 646 2074 P.
697 2031 1243 2077 HIERONYMUS
1290 2033 1571 2076 NADAL

771 2137 932 2173 PATRI
957 2137 1165 2184 JACOBO
1190 2138 1384 2174 LAINEz

618 2239 842 2278 mmmmm,
858 2242 895 2278 4,
916 2233 960 2268 16
975 2241 1031 2269 ET
1048 2241 1094 2269 22
1111 2241 1371 2270 SEPTEMBms
1392 2233 1482 2279 1563
1508 2238 1534 2269 ⁷.

260 2314 422 2351 Natalis
441 2315 628 2362 per-venit
651 2315 923 2358 Monachium,
947 2316 1015 2352 ubi
1038 2316 1281 2352 Manareum
1306 2318 1472 2364 reperit:
1496 2318 1606 2354 brevi
1633 2317 1897 2366 Oenipontem

952 2385 992 2410 se
1008 2374 1200 2422 conferet.

348 2457 424 2499 Ex
446 2456 567 2500 hisce
588 2457 734 2500 tribus
761 2457 959 2512 epistolis
988 2458 1172 2501 Natalis
1197 2459 1258 2500 ad
1293 2460 1515 2509 Lainium
1552 2461 1728 2503 nullam
1764 2461 1900 2504 habe-

261 2547 380 2576 mus.
405 2533 584 2576 Scimus
605 2537 755 2576 autem
777 2534 850 2576 die
869 2545 899 2587 4
919 2537 960 2576 et
981 2545 1039 2576 22
1059 2534 1332 2590 Septembris
1354 2537 1606 2592 scripsisse,
1629 2551 1686 2580 ex
1713 2538 1898 2593 epistola

334 2669 344 2690 ¹
394 2668 497 2713 Tm.,
527 2679 596 2716 pro
624 2669 685 2705 his
716 2669 840 2706 tribus
860 2669 1007 2716 verbis,
1021 2670 1154 2706 habet:
1172 2672 1421 2719 magistrum
1439 2674 1595 2708 artium
1614 2673 1847 2709 liberalium
1860 2677 1901 2710 et

255 2727 547 2775 philosophiae.
1164 2728 1167 2734 ’

330 2788 345 2808 2
395 2786 499 2833 Tm.,
518 2799 588 2834 pro
604 2788 732 2833 XXII,
747 2789 866 2824 hab'et
883 2788 953 2824 IX.

331 2845 347 2866 ³
395 2846 483 2882 Tm.
503 2846 634 2883 omitt.
657 2859 750 2884 esse.

330 2906 345 2926 ⁴
394 2905 498 2950 Tm.,
516 2906 602 2942 loco
619 2907 863 2950 doctoratus,
878 2908 997 2944 habet
1014 2908 1259 2956 magisterii.

327 2964 342 3002 ·'.'
391 2963 539 3000 Eodem
557 2964 620 3001 die
637 2964 660 3000 3
678 2965 921 3013 Septembris
939 2972 1148 3014 utrumque
1166 2967 1445 3005 documentum
1464 2969 1597 3004 datum
1616 2974 1690 3004 est.

326 3022 343 3044 ⁶
390 3022 483 3059 Tm.
506 3035 528 3059 a
545 3028 656 3070 tergo
673 3025 805 3060 habet:
834 3025 1123 3062 Testimonium
1141 3027 1392 3074 magisterii.

325 3082 342 3103 ⁸
391 3082 450 3118 Ex
468 3083 646 3130 epistolis
663 3083 734 3119 313
752 3090 794 3121 et
809 3083 893 3135 3163
913 3091 953 3121 et
971 3097 1020 3121 ex
1042 3085 1138 3121 Cod.
1158 3085 1283 3128 PLB,
1303 3087 1378 3123 loc.
1400 3086 1498 3123 infra
1516 3087 1583 3123 cit.
