2196 3522
349 283 418 330 558
966 282 1104 318 Epis‘r.
1130 280 1178 316 P.
1213 281 1363 318 NADAL

349 383 503 427 cendis
527 382 610 424 fuit
633 389 897 438 occupatus,
923 389 1105 440 propter
1126 381 1314 425 aliorum
1331 382 1706 427 confessariorum
1723 382 1973 440 penuriam,

349 441 753 496 confitentiumque
787 441 1090 497 importunam
1127 441 1409 494 instantiam,
1450 457 1507 487 ex
1543 457 1632 498 quo
1669 457 1813 499 nuper
1850 441 1975 487 venit

351 505 402 545 P.
428 501 581 545 Guido
603 500 931 555 aliquantulum
954 502 1291 553 subleuaturus,
1312 501 1493 544 tandem
1509 501 1584 544 illo
1600 502 1770 555 labore,
1790 508 1839 544 vt
1861 515 1971 544 con—

349 561 547 604 tionibus
569 574 728 603 vacare
751 567 915 615 posset.
938 559 1221 615 Sesquianno
1250 560 1342 604 fere
1370 559 1561 617 singulis
1590 560 1749 604 diebus
1776 560 1971 603 domini-

348 620 430 674 cis,
455 627 500 663 et
523 619 648 663 festis
668 619 1005 672 celebrioribus,
1030 627 1076 662 et
1102 633 1182 675 per
1209 619 1378 675 aliquot
1401 619 1498 664 dies
1525 619 1763 664 continuos
1790 619 1837 662 in
1865 634 1969 676 pas-

349 679 474 723 sione
496 678 677 722 Domini
700 686 745 722 et
766 678 1108 731 resurrectione,
1135 678 1240 721 foris
1262 678 1556 722 concionatus
1578 686 1661 722 est.
1694 691 1765 722 20.
1791 680 1859 722 Ex
1879 693 1970 734 quo

350 737 622 782 Societatem
644 737 878 794 ingressus
899 745 984 790 est,
1005 745 1072 780 ter
1094 751 1209 793 pene
1232 738 1288 780 ad
1306 744 1492 781 mortem
1515 737 1767 781 infirmatus
1788 745 1871 781 est:
1896 753 1970 782 se-

348 798 436 840 mel
458 798 614 848 Rome,
640 798 779 839 semel
808 796 1002 849 Lutetie,
1033 797 1172 840 semel
1202 797 1422 850 Belhomi,
1450 797 1632 852 Parisijs
1659 796 1794 840 etiam
1820 796 1971 840 bianio

349 856 564 899 continuo
603 857 893 900 vehementer
929 855 1147 899 catharris
1182 863 1373 900 vexatus
1405 856 1544 899 fuit...
1581 869 1652 909 24.
1689 857 1884 911 Ideoque
1915 857 1972 900 ad

349 915 656 959 confessiones
677 922 722 958 et
744 915 1084 959 communiones
1105 915 1239 958 etiam
1268 931 1293 959 a
1320 922 1482 958 natura
1510 915 1840 970 quodammodo
1867 929 1973 971 pro-

350 989 531 1031 pensus,
558 973 751 1019 maxime
773 982 923 1017 autem
947 975 1067 1029 quod
1088 974 1186 1017 eius
1208 989 1389 1030 operam
1413 973 1765 1030 quamplurimos
1794 974 1973 1018 deside—

351 1049 448 1077 rare
465 1033 726 1088 conspiciat,
747 1035 859 1076 adeo
875 1041 924 1075 vt
942 1033 1188 1089 sepissime,
1201 1041 1382 1089 propter
1399 1034 1612 1089 temporis
1629 1033 1878 1090 angustias,
1895 1041 1973 1076 aut

350 1093 485 1137 etiam
515 1107 620 1148 prae
647 1092 926 1144 lassitudine,
951 1092 1160 1135 omnibus
1182 1093 1441 1136 satisfacere
1469 1100 1663 1149 nequeat
1691 1092 1868 1136 ciuibus
1891 1095 1973 1136 'aut

349 1151 553 1204 aduenis;
579 1159 814 1208 propterea
836 1153 956 1207 quod
979 1153 1035 1195 ad
1057 1166 1183 1196 sacre
1201 1152 1454 1208 theologiae
1470 1152 1619 1195 studia
1635 1153 1756 1195 solus
1773 1153 1968 1204 anhelat,

350 1212 420 1255 vel
442 1211 576 1256 etiam
600 1212 657 1253 ob
686 1218 878 1255 aetatem
902 1211 1203 1267 grandiorem,
1229 1225 1316 1266 que
1339 1219 1428 1255 tam
1452 1212 1509 1254 ad
1529 1218 1702 1256 ceteras
1724 1225 1880 1266 parum
1904 1217 1972 1255 est

348 1278 467 1326 apta:
493 1270 598 1314 licet
620 1269 665 1312 in
688 1270 752 1313 eis
775 1285 863 1313 non
892 1277 1097 1313 versatus
1122 1270 1206 1312 fuit
1228 1278 1447 1325 quantum
1471 1271 1591 1313 istud
1618 1270 1759 1327 exigit
1785 1284 1968 1323 munus,

349 1336 524 1385 poterat
546 1336 712 1381 tamen,
738 1329 775 1372 si
798 1330 921 1372 Patri
943 1329 1105 1373 rectori
1127 1329 1272 1372 visum
1297 1329 1471 1382 fuisset,
1497 1345 1585 1373 vna
1607 1343 1711 1373 cum
1734 1329 1971 1372 conuicto-

348 1389 472 1431 ribus
495 1388 605 1440 suis,
632 1395 813 1443 peracto
835 1389 1114 1444 philosophie
1131 1389 1371 1443 curriculo,
1392 1388 1636 1445 magisterij
1657 1390 1854 1432 lauream
1874 1388 1971 1431 adi-

351 1448 463 1504 pisci
492 1447 722 1501 Lutetiae3
755 1450 875 1502 quod
903 1448 1087 1492 minime
1114 1449 1334 1491 hactenus
1370 1449 1538 1491 factum
1567 1455 1650 1491 est.
1685 1448 1834 1491 Prima
1863 1447 1969 1503 Maij

357 1509 484 1562 1562.
515 1508 602 1563 [HL
630 1517 702 1560 27,
728 1506 799 1565 28]

442 1579 477 1609 Ι.
544 1567 694 1610 Vocor
726 1566 920 1623 Jacobus
950 1566 1112 1609 Secler.
1151 1578 1199 1622 2.
1247 1567 1410 1609 Habeo
1455 1576 1508 1621 25
1541 1580 1686 1609 annos
1723 1567 1794 1609 vel
1829 1566 1964 1608 vltra.

349 1638 384 1680 3.
406 1626 517 1669 Sum
540 1639 783 1681 germanus
806 1641 859 1668 ex
891 1625 1198 1681 Oeniponto...
1220 1637 1260 1679 7.
1294 1625 1378 1669 Fui
1395 1639 1570 1681 semper
1586 1625 1630 1667 in
1648 1625 1762 1668 aulis
1779 1624 1900 1681 regis
1928 1631 1974 1669 et

348 1684 532 1740 reginae
553 1698 655 1726 cum
678 1685 767 1727 don
793 1686 907 1728 Pero
932 1686 1086 1736 Lasso,
1113 1684 1189 1740 qui
1213 1684 1296 1727 fuit
1318 1699 1555 1740 supremus
1572 1684 1618 1726 in
1636 1684 1750 1727 aulis
1767 1698 1846 1740 per
1862 1698 1972 1740 pace

346 1742 496 1802 [sic]...
537 1755 603 1786 12.
636 1744 747 1787 Sum
786 1744 830 1785 in
859 1743 1085 1788 Societate
1123 1759 1200 1799 per
1228 1751 1331 1787 octo
1360 1758 1492 1800 quam
1522 1743 1688 1786 dimido
1717 1758 1826 1786 anos
1855 1742 1968 1800 [sic],

345 1810 391 1846 et
412 1817 512 1846 sum
537 1809 750 1858 acceptus
772 1818 797 1845 a
820 1805 874 1845 V.
904 1805 956 1846 R.
991 1803 1248 1847 Viennae...
1282 1816 1346 1856 14.
1380 1804 1541 1846 Habeo
1568 1810 1729 1858 quator
1757 1802 1968 1845 minores.
1992 1806 2003 1814 “

354 1873 420 1916 15.
453 1861 537 1904 Fui
566 1861 771 1905 Viennae
799 1869 844 1904 et
874 1864 1066 1918 Pragae,
1093 1864 1349 1918 Augustae.
1389 1863 1453 1906 16.
1486 1862 1571 1905 Fui
1599 1877 1678 1918 per
1707 1863 1735 1905 ὁ
1761 1876 1870 1905 anos
1899 1876 1972 1904 sa·-

345 1921 570 1963 cristanus
593 1920 809 1964 Viennae.
855 1923 1030 1974 Pragae
1059 1921 1123 1963 fui
1152 1928 1429 1977 procurator,
1455 1929 1500 1966 et
1531 1921 1664 1964 docui
1696 1921 1742 1963 in
1773 1921 1972 1964 secunda

346 1980 465 2024 clase
483 1995 561 2036 per
582 1981 762 2022 medum
786 1995 919 2022 anum
944 1980 1054 2038 [sic];
1082 1982 1322 2037 Augustae
1345 1980 1408 2023 fui
1431 1980 1646 2023 minister.
1678 1981 1764 2035 [HL
1792 1980 1863 2037 20]

444 2052 479 2082 Ι.
540 2038 734 2094 jacobus
757 2040 988 2082 Ximenez.
1017 2052 1058 2082 2.
1085 2040 1292 2096 Triginta
1314 2046 1507 2094 quatuor
1523 2039 1569 2082 in
1586 2039 1719 2082 circa.
1742 2052 1782 2093 3.
1805 2040 1973 2094 Hispa-

347 2112 450 2149 nus,
482 2097 843 2154 calagurritanae
872 2098 1080 2151 diocesis,
1122 2114 1176 2142 ex
1213 2098 1378 2155 oppido
1410 2099 1593 2141 ciuitate
1629 2105 1890 2153 nuncupato
1918 2097 1974 2139 de

347 2158 543 2213 Nagera.
570 2170 613 2210 4.
640 2158 800 2199 Habeo
823 2172 901 2212 per
924 2157 1008 2201 Dei
1031 2158 1240 2214 gratiam,
1265 2164 1484 2212 quantum
1508 2157 1727 2209 existimo,
1755 2156 1973 2212 supersti-

348 2223 430 2259 tes.
460 2226 500 2270 5.
524 2218 751 2271 Pauperes
768 2223 874 2258 sunt
892 2217 1217 2271 commodeque
1239 2217 1480 2272 aliquando
1498 2218 1769 2267 habuerunt,
1790 2217 1870 2260 sed
1889 2216 1972 2258 bo-

348 2290 450 2318 nam
475 2281 552 2317 aut
574 2274 786 2317 maiorem
811 2275 1038 2318 stabilium
1061 2282 1106 2319 et
1134 2275 1322 2319 aliorum
1358 2277 1579 2319 bonorum
1610 2282 1781 2331 partem
1812 2274 1973 2318 uendi·-

348 2334 525 2386 derunt‚
549 2348 696 2389 neque
719 2335 838 2388 quod
860 2334 945 2377 illis
967 2334 1025 2377 sit
1047 2334 1155 2391 satis
1178 2336 1232 2378 ad
1256 2341 1423 2378 statum
1443 2335 1563 2379 uitae
1580 2336 1764 2387 habent,
1785 2348 1865 2389 pro
1883 2348 1973 2388 quo

350 2393 517 2449 gratias
540 2407 629 2448 ago
650 2395 763 2445 Deo;
795 2395 880 2435 hoc
907 2393 1026 2436 enirn
1055 2394 1111 2436 ad
1139 2393 1338 2450 ipsorum
1366 2394 1509 2437 maius
1530 2395 1699 2437 bonum
1728 2400 1773 2436 et
1800 2393 1973 2436 anima-

348 2466 447 2494 rum
469 2452 660 2496 salutem
684 2452 885 2494 futurum
908 2452 1061 2496 diuina
1083 2468 1166 2508 ope
1189 2454 1383 2496 confido.
1410 2454 1452 2496 6.
1474 2455 1586 2496 Tres
1608 2467 1783 2495 sorores
1806 2453 1968 2496 habeo:

349 2526 438 2554 vna
460 2518 528 2554 est
549 2510 646 2553 viro
674 2518 814 2566 nupta
836 2518 880 2553 et
909 2526 1094 2568 pauper,
1125 2511 1220 2555 alia·
1238 2514 1403 2555 multos
1431 2527 1573 2555 annos
1600 2512 1646 2554 in
1668 2513 1785 2555 lecto
1816 2510 1968 2564 iacuit,

350 2570 478 2624 quasi
500 2569 743 2625 paralitica,
770 2570 901 2613 tertia
923 2586 1029 2614 vero
1046 2571 1235 2626 innupta
1252 2578 1418 2625 manet;
1439 2573 1643 2626 duosque
1661 2571 1834 2614 fratres:
1861 2570 1973 2614 alter

349 2628 478 2671 ducis
501 2628 765 2685 nagerensis
787 2629 955 2673 curiam
979 2629 1196 2685 sequitur,
1222 2631 1334 2674 alter
1355 2645 1462 2673 vero
1484 2630 1627 2673 sancti
1645 2629 1878 2682 Benedicti
1899 2643 1973 2672 re—

351 2688 565 2744 ligionem
597 2694 665 2731 est
692 2688 938 2743 ingressus.
982 2701 1021 2742 7.
1056 2689 1238 2733 Curiam
1272 2704 1499 2732 romanam
1537 2696 1582 2731 et
1610 2688 1793 2745 negotia
1824 2688 1974 2744 plures

353 2761 495 2789 annos
517 2746 802 2801 insequutus,
834 2747 990 2790 ultimo
1020 2749 1199 2791 tandem
1232 2748 1401 2791 domini
1427 2747 1587 2792 Didaci
1616 2749 1756 2791 Lasso
1780 2745 1975 2791 seruitiis

352 2805 631 2848 insistebam.
659 2807 700 2848 8.
727 2806 917 2858 Starem,
943 2806 1096 2849 diuina
1118 2807 1280 2863 gratia,
1306 2822 1452 2863 neque
1474 2808 1759 2863 praeferrem.
1784 2821 1826 2862 9.
1853 2806 1975 2848 Ante

354 2872 549 2920 quatuor
572 2866 664 2908 fere
686 2879 827 2907 annos
849 2865 999 2909 minus
1021 2865 1164 2909 tribus
1181 2867 1410 2910 mensibus
1426 2866 1592 2909 incirca
1610 2865 1689 2917 fui,
1711 2865 1794 2908 Dei
1812 2862 1972 2920 gratia,

355 2930 566 2979 receptus
595 2925 764 2966 Romae
791 2923 837 2965 in
866 2925 998 2967 domo
1034 2925 1273 2969 Societatis
1294 2940 1350 2968 ex
1372 2925 1564 2981 collegio
1593 2923 1865 2980 germanico,
1898 2920 1976 2963 ubi

355 2982 589 3024 biennium
627 2983 719 3025 fere
742 2988 1067 3035 transegeram:
1101 2992 1250 3039 neque
1279 2984 1406 3028 aliter
1427 2983 1492 3026 fui
1521 2983 1817 3034 examinatus,
1841 2995 1975 3035 quam

354 3042 477 3096 quod
515 3041 862 3084 constitutiones
900 3042 1140 3087 Societatis
1160 3042 1265 3099 legi.
1305 3056 1369 3086 10.
1397 3044 1610 3087 Nondum
1634 3041 1734 3095 feci3
1760 3047 1805 3083 at
1826 3039 1971 3091 bonis,
