2196 3522
280 297 348 334 114
586 313 589 316 .
846 285 988 321 EPIST.
1015 283 1061 319 P.
1080 282 1353 328 NADAL-215

278 389 370 433 tuis
398 401 479 432 100
501 386 665 432 daleris
690 398 762 441 24,
788 384 983 442 singulis
1011 396 1077 428 12.
1104 383 1153 429 Si
1177 391 1330 428 tamen
1357 383 1598 441 pecuniam
1630 398 1724 428 non
1752 398 1931 442 expen-

278 467 389 510 dant
426 465 473 507 in
510 463 694 518 viatico,
734 463 858 519 quod
892 461 1118 518 reliquum
1156 463 1258 515 erit,
1299 467 1539 518 acceptum
1571 460 1654 505 -tibi
1682 460 1926 507 referetur.

279 545 526 599 Nunquam
549 540 755 584 omittam
778 554 883 584 cum
905 539 992 584 Dei
1014 538 1162 596 gratia
1183 554 1257 584 res
1283 538 1416 582 istius
1445 538 1627 596 collegii
1653 543 1929 597 promouere.

280 620 417 677 (quod
439 618 486 661 in
503 633 577 663 me
593 617 709 675 erit);
730 617 885 673 itaque
902 615 1096 674 potestis
1117 616 1175 682 ad
1195 631 1269 661 me
1287 615 1633 662 familiarissime
1649 616 1848 662 scribere
1865 619 1928 662 de.

281 698 418 740 rebus
440 694 621 748 vestris,
647 694 911 752 praesertim
934 694 1080 738 donec
1101 707 1258 738 verser
1279 693 1326 736 in
1348 695 1436 737 hoc
1454 707 1657 747 munere,
1678 707 1770 750 quo
1786 694 1922 740 etiam

282 773 321 817 si
343 774 613 830 perfunctus
634 772 780 825 fuero,
807 779 959 816 tamen
979 778 1050 815 est
1077 770 1187 814 mihi
1213 771 1486 814 demandata
1513 785 1625 814 cura
1651 771 1931 817 Germaniae

284 858 329 896 et
357 850 550 903 Galliae,
580 849 747 905 quibus
774 864 863 906 ego
895 847 1160 892 nationibus
1192 863 1371 905 semper
1404 848 1568 892 fauebo
1600 847 1849 906 impensius
1881 855 1933 894 et

285 926 554 972 nominatim
576 934 731 971 vestro
753 925 965 983 collegio.

376 1017 420 1059 4.
486 1004 589 1048 Fiat
613 1003 832 1057 fortassis,
859 1010 910 1046 ut
932 1002 1201 1060 Maguntiae
1227 1010 1397 1060 egeant
1424 1002 1559 1046 vnius
1593 1002 1743 1047 Patris
1774 1018 1935 1062 opera,

289 1082 366 1138 qui
403 1081 548 1138 possit
576 1095 788 1138 praeesse
816 1079 1170 1124 convictoribus.
1201 1080 1514 1137 Designabam
1541 1094 1630 1138 ego
1658 1080 1933 1138 magistrum

289 1158 567 1215 Gregorium
588 1165 792 1202 vestrum
819 1160 829 1180 ¹
855 1172 959 1203 eum
981 1157 1169 1211 scilicet,
1196 1157 1273 1213 qui
1303 1165 1509 1214 praeerat
1536 1157 1668 1202 classi
1696 1157 1934 1215 retorices;

289 1251 395 1280 nam
417 1250 471 1280 ea
493 1249 618 1288 cura,
644 1250 734 1292 qua
756 1235 1025 1280 sublevabat
1046 1234 1092 1277 in
1114 1234 1377 1292 magisterio
1399 1235 1648 1279 nouitiatus
1669 1237 1733 1280 M.
1765 1236 1935 1280 Coste-

289 1327 408 1367 rum,
433 1311 599 1368 poterit
621 1311 720 1355 aliis
741 1311 854 1364 dari,
879 1319 928 1355 vt
950 1326 1038 1368 ego
1060 1311 1268 1355 arbitror.
1301 1313 1434 1356 Esset
1463 1311 1573 1355 mihi
1601 1311 1933 1369 gratissimum,

291 1389 331 1432 si
352 1388 479 1432 illum
508 1388 754 1443 mitteritis,
785 1388 863 1431 ubi
891 1388 1102 1445 exigetur
1129 1403 1156 1431 a
1184 1391 1245 1432 M.
1279 1389 1522 1432 Lamberto
1553 1390 1586 1442 ²,
1622 1389 1934 1447 Moguntiam,

293 1466 416 1522 quod
439 1472 592 1510 tamen
620 1479 712 1508 non
740 1466 886 1509 audeo
914 1465 1100 1508 omnino
1127 1465 1328 1509 iudicare
1358 1466 1387 1509 ³.
1416 1467 1583 1523 Ignoro
1611 1466 1731 1510 enim
1759 1473 1941 1510 vestras

293 1542 603 1596 difficultates,
628 1542 893 1598 praesertim
915 1544 1002 1585 hoc
1031 1549 1249 1599 tempore,
1282 1550 1328 1586 et
1355 1542 1520 1586 iterum
1548 1543 1660 1587 illud
1686 1543 1806 1596 dico,
1838 1544 1941 1587 fore

243 1644 246 1647 -
294 1618 406 1662 mihi
442 1617 768 1676 gratissimum,
809 1618 847 1662 si
883 1618 1009 1662 illum
1048 1619 1254 1674 mittatis,
1286 1619 1366 1662 ubi
1402 1619 1488 1665 erit
1518 1621 1723 1664 futurum
1755 1619 1938 1664 initium

292 1696 414 1739 illius
442 1697 605 1739 domus
633 1695 1019 1740 commensalium.
1052 1697 1190 1753 Quod
1212 1696 1250 1740 si
1277 1711 1368 1740 non
1396 1697 1595 1754 possitis,
1622 1704 1669 1742 et
1690 1696 1878 1754 exigant
1909 1711 1942 1740 a

295 1773 427 1816 vobis
447 1787 590 1816 vnum
612 1773 909 1826 sacerdotem,
935 1774 1009 1819 vel
1031 1788 1173 1817 unum
1196 1775 1395 1827 omnino,
1421 1774 1498 1831 qui
1520 1774 1662 1831 possit
1678 1789 1779 1819 esse
1799 1773 1941 1817 mini-

298 1857 391 1894 ster
414 1849 698 1907 Moguntiae,
722 1849 770 1893 id
791 1850 975 1895 omnino
996 1851 1270 1895 conabimini
1290 1859 1535 1909 praestare.
1562 1853 1778 1909 Egebunt
1799 1851 1939 1897 etiam

298 1926 502 1970 fortassis
531 1941 622 1970 uno
651 1928 804 1980 fratre,
836 1928 914 1984 qui
941 1927 1123 1973 infimae
1155 1928 1287 1972 classi
1315 1929 1499 1985 praesit,
1531 1930 1611 1973 sed
1639 1931 1726 1973 hoc
1758 1935 1933 1973 certum

297 2018 390 2047 non
412 2010 496 2047 est.
524 2004 587 2047 Vt
608 2003 728 2048 enim
749 2006 877 2048 Deus
899 2020 982 2048 sua
1003 2005 1288 2062 benignitate
1309 2006 1624 2063 complectitur
1651 2006 1774 2050 istud
1801 2006 1941 2050 colle-

298 2079 442 2137 gium,
467 2079 530 2123 ita
551 2081 681 2136 copia
701 2088 851 2125 vestra
873 2081 1065 2125 alienam
1087 2082 1401 2139 indigentiam,
1425 2091 1475 2127 vt
1497 2086 1718 2129 hactenus
1746 2082 1938 2136 fecistis,

298 2157 511 2213 supplere
538 2157 729 2201 debetis.
762 2159 889 2201 Deus
920 2158 979 2201 sit
1009 2158 1262 2202 nobiscum.
1295 2160 1512 2217 Cepimus
1539 2160 1627 2204 iam
1657 2175 1795 2217 agere
1832 2174 1956 2206 cum.

299 2234 429 2277 Rmo.
456 2232 761 2289 herbipolensi
782 2235 840 2279 de
862 2236 998 2279 rebus
1016 2235 1086 2278 sui
1104 2236 1301 2293 collegii,
1322 2243 1368 2281 et
1385 2252 1533 2293 spero,
1555 2238 1678 2293 quod
1694 2237 1811 2282 bene
1829 2251 1936 2281 suc-

297 2310 461 2353 cedent
483 2324 587 2353 cum
609 2310 695 2353 Dei
718 2311 880 2368 gratia.
908 2311 1162 2369 Herbipoli,
1187 2313 1319 2356 nonis
1343 2314 1558 2358 Octobris
1586 2315 1712 2369 1562.
1745 2313 1775 2372 ·1-
1807 2315 1943 2358 Tuus

301 2386 349 2429 in
371 2387 460 2430 X.0
482 2401 661 2439 seruus,

1678 2468 1686 2485 V

1336 2467 1365 2525 -ἱ-
1397 2469 1631 2512 NATALIS.
1667 2485 1705 2526 Τ·

1466 2598 1470 2605 ,
1511 2544 1540 2602 †

373 2695 382 2715 ¹
435 2693 651 2740 Gregorius
670 2695 830 2742 Fabius,
848 2695 969 2732 frater
993 2697 1154 2743 Joannis
1179 2698 1290 2734 Fabii
1320 2700 1436 2746 paulo
1466 2705 1556 2735 ante
1587 2699 1804 2735 memorati.
1835 2698 1943 2734 Vide

299 2752 466 2799 append.
487 2754 565 2789 loc.
590 2754 658 2789 cit.

371 2814 385 2834 ²
436 2812 670 2849 Lambertus
690 2814 811 2861 Auer,
830 2814 879 2850 de
897 2826 974 2862 quo
992 2815 1139 2851 dictum
1158 2822 1219 2853 est
1237 2817 1277 2853 in
1296 2823 1323 2853 t.
1345 2819 1376 2863 Ι,
1396 2817 1465 2853 308
1486 2823 1527 2854 et
1543 2817 1627 2854 318.

373 2871 388 2891 ⁵
437 2870 538 2907 Cum
556 2872 600 2907 P.
621 2873 766 2909 Fabius
790 2885 951 2909 munere
976 2875 1115 2911 decani
1138 2869 1338 2912 facultatis
1363 2877 1504 2913 artium
1528 2877 1761 2924 fungeretur
1785 2888 1808 2912 a
1830 2876 1894 2912 die
1917 2887 1948 2922 9

299 2928 485 2967 Octobris
503 2931 618 2978 hujus
636 2932 728 2968 anni
745 2944 868 2980 usque
887 2933 935 2968 ad
952 2944 974 2978 9
992 2933 1177 2971 Octobris
1196 2936 1285 2972 anni
1305 2937 1523 2984 sequentis,
1547 2936 1711 2973 Colonia
1734 2935 1944 2972 discedere

299 2999 377 3023 non
395 2994 566 3035 poterat.
590 2990 691 3027 Vide
714 2991 907 3037 HANSEN,
939 2994 1017 3028 loc.
1048 2993 1132 3039 cit.;
1163 3007 1257 3042 pag.
1293 2994 1378 3041 438,
1410 3001 1547 3032 annot.
1587 3004 1621 3039 Ι,
1652 3001 1694 3031 et
1715 2996 1940 3041 catalogum

298 3045 533 3084 decanorum
573 3049 770 3086 facultatis
804 3050 945 3086 artium
980 3052 1248 3090 universitatis
1282 3054 1519 3091 coloniensis
1557 3064 1571 3090 1
1579 3054 1684 3099 556-Ι
1691 3054 1781 3101 582,
1815 3052 1942 3099 ibid.,

294 3117 390 3152 pag.
414 3107 502 3152 788.
