2196 3522
794 622 1320 696 APPENDIX

961 809 1169 820 —u-

1058 1003 1077 1046 I

669 1111 885 1142 EXAmNA
918 1112 1111 1143 PATRUM
1144 1112 1204 1143 Ac
1236 1113 1464 1143 FRATRUM

826 1188 855 1218 E
888 1188 1156 1219 socmTATE
1188 1189 1307 1229 JESU
1726 1191 1733 1227 ’κ

527 1267 558 1297 Α
590 1266 745 1296 PATRE
777 1265 1064 1307 HIERONYMQ
1096 1267 1254 1298 NADAL
1286 1267 1535 1299 coLLEc’rA
1566 1256 1574 1275 ¹

344 1361 380 1392 Ι.
445 1347 680 1390 Abraham
703 1346 912 1389 Serache.
940 1359 981 1390 2.
1010 1349 1178 1390 Parum
1209 1349 1326 1391 ultra
1354 1348 1610 1404 quindecim
1633 1364 1776 1393 annos
1799 1365 1882 1393 na-

250 1415 339 1451 tus.
367 1421 403 1462 3.
428 1406 513 1450 Fui
535 1413 668 1450 natus
689 1413 735 1451 et
756 1406 977 1449 educatus
999 1406 1043 1449 in
1066 1408 1151 1450 hac
1172 1407 1410 1452 civitate...
1438 1420 1502 1451 12.
1526 1410 1606 1451 Est
1622 1409 1716 1465 jam
1734 1424 1882 1452 annus

248 1467 471 1523 expletus,
496 1481 551 1509 ex
573 1479 663 1521 quo
691 1464 854 1508 intravi
886 1465 1215 1510 Societatem...
1255 1479 1318 1521 14.
1349 1468 1453 1511 Non
1476 1467 1540 1510 fui
1564 1476 1794 1523 promotus
1823 1469 1880 1511 ad

248 1526 428 1582 aliquos
448 1524 775 1570 ecclesiasticos
808 1524 1006 1568 ordines.
1048 1536 1114 1580 15.
1151 1527 1411 1582 Numquam
1444 1527 1509 1569 fui
1540 1526 1586 1569 in
1617 1528 1767 1583 aliquo
1795 1527 1882 1574 alio

248 1585 460 1641 collegio.
498 1580 563 1628 16.
597 1584 702 1627 Feci
731 1586 812 1627 has
841 1585 1017 1627 tanturn'
1047 1584 1352 1641 probationes,
1383 1585 1608 1629 videlicet:
1641 1587 1727 1631 feci
1750 1601 1880 1631 exer—

246 1644 355 1688 citia
376 1642 638 1700 spiritualia,
669 1651 714 1686 et
746 1643 810 1685 fui
838 1651 1043 1687 versatus
1070 1643 1117 1686 in
1144 1644 1404 1688 domesticis
1432 1645 1642 1702 negotiis,
1678 1658 1744 1701 13.
1778 1647 1880 1690 Non

224 1732 228 1733 ν
254 1703 339 1748 feci
355 1711 476 1746 vota.
501 1700 550 1760 [1,
582 1701 730 1762 18.bi³]

345 1775 383 1806 1.
446 1762 716 1805 Adalbertus
738 1762 927 1804 Bautek.
956 1773 997 1804 2.
1034 1762 1203 1819 Attigit
1224 1761 1271 1805 in
1299 1762 1462 1806 Martio
1490 1763 1729 1819 praeterito
1753 1763 1883 1821 vige-

247 1821 413 1866 simum
435 1828 645 1864 octavum
673 1835 856 1864 annum.
884 1833 925 1875 3.
952 1821 1146 1865 Natione
1177 1823 1412 1874 bohemus,
1450 1823 1620 1867 Polnae
1652 1823 1800 1876 natus,
1837 1830 1883 1867 et

251 1879 508 1936 Pardubicij
533 1879 582 1939 [?]
609 1893 666 1923 ex
693 1888 820 1936 parte
841 1880 1117 1924 educatus...
1150 1893 1215 1924 12.
1243 1881 1483 1924 Admissus
1506 1889 1575 1926 est
1596 1882 1642 1924 in
1667 1881 1885 1926 Bohemia

229 1939 297 1983 *in
319 1939 510 1996 collegio
532 1938 929 1996 pragensiultimo
957 1939 1030 1984 die
1059 1940 1341 1994 Decembris,
1376 1940 1614 1985 occidente
1646 1941 1734 1984 iam
1766 1942 1880 1993 sole,

249 2014 370 2042 anno
394 1999 559 2053 1556...
592 2010 658 2052 14.
685 1999 764 2041 Est
792 1999 1001 2042 sacerdos
1028 2001 1199 2043 Romae
1227 2000 1373 2043 factus
1404 2014 1524 2042 anno
1560 2001 1686 2056 1563,
1721 2000 1794 2043 die
1828 2002 1884 2043 26

249 2057 415 2103 Martii.
448 2068 513 2112 15.
543 2057 695 2100 Primo
718 2059 894 2114 Pragae
914 2058 1082 2114 exiguo
1100 2065 1317 2114 tempore,
1342 2058 1506 2103 deinde
1524 2060 1786 2116 Ingolstadii
1804 2074 1883 2115 per

248 2132 278 2175 9
295 2132 489 2162 menses:
516 2123 617 2172 post
639 2117 808 2161 Romae
829 2131 908 2173 per
924 2117 952 2159 6
975 2118 1067 2161 sere
1088 2131 1247 2171 annos;
1268 2117 1428 2161 ultimo
1452 2118 1658 2163 Viennae
1689 2133 1769 2175 per
1794 2126 1884 2162 tres

248 2190 407 2220 annos.
439 2177 505 2219 16.
543 2174 767 2218 Exercitia
788 2175 1036 2231 spiritualia
1065 2176 1170 2220 fecit
1199 2184 1265 2220 ter
1302 2177 1566 2234 Ingolstadii
1588 2192 1667 2234 per
1695 2179 1744 2222 18
1768 2178 1880 2231 dies3

250 2237 422 2280 Romae
437 2249 545 2279 vero
562 2234 631 2277 bis
647 2234 786 2278 semel
809 2248 888 2291 per
913 2235 1163 2288 octiduum,
1197 2236 1337 2279 altera
1368 2235 1466 2280 vice
1495 2250 1574 2292 per
1608 2250 1675 2290 10,
1707 2244 1757 2280 ut
1785 2237 1882 2293 opi—

248 2309 355 2349 nor,
385 2293 482 2339 dies
506 2294 579 2337 vel
607 2292 812 2349 amplius.
840 2293 903 2336 2.⁰
936 2294 1174 2339 Inservivit
1210 2295 1483 2351 pauperibus
1521 2297 1690 2339 Romae
1722 2296 1768 2338 in
1802 2311 1882 2339 xe-

250 2353 483 2397 nodochiis
515 2361 598 2397 ter:
628 2351 704 2401 ‚bis
733 2353 853 2408 apud
887 2353 935 2397 S.
971 2355 1192 2411 Jacobum
1228 2353 1543 2398 incurabilium
1579 2369 1659 2410 per
1699 2368 1750 2408 14
1788 2355 1884 2398 dies

246 2413 404 2466 semel,
429 2412 476 2455 in
496 2411 705 2468 hospitali
733 2412 1143 2457 convalescentium
1166 2427 1246 2469 per
1273 2414 1299 2456 8
1327 2413 1437 2458 dies.
1463 2414 1529 2468 3.⁰
1559 2414 1883 2470 Peregrinatus

247 2479 319 2516 est
355 2471 402 2514 in
422 2478 687 2527 paupertate
713 2486 739 2514 a
769 2472 914 2513 Roma
942 2473 1188 2515 Lauretum
1216 2486 1377 2527 usque,
1418 2479 1463 2518 et
1491 2488 1516 2515 a
1545 2474 1743 2517 Laureto
1773 2473 1881 2517 item

250 2532 487 2574 Romam...
516 2542 581 2584 17.
602 2529 923 2574 Confessiones
944 2531 1001 2586 ab
1019 2545 1074 2574 eo
1090 2538 1291 2586 tempore
1308 2546 1398 2587 quo
1416 2532 1562 2576 factus
1584 2538 1653 2576 est
1670 2532 1883 2575 sacerdos

248 2604 427 2645 semper
450 2590 542 2633 fere
564 2588 737 2632 audivit
763 2588 933 2645 linguis
954 2589 1107 2641 latina,
1131 2589 1296 2643 italica,
1321 2591 1597 2647 germanica,
1622 2591 1879 2643 bohemica,

250 2648 476 2693 mediante
497 2662 586 2704 qua
607 2656 653 2693 et
674 2649 940 2704 polonorum
957 2648 1130 2691 audivit
1146 2649 1468 2694 confessiones.
1491 2649 1651 2693 Astitit
1669 2651 1881 2705 frequen—

322 2791 332 2811 ¹
384 2789 442 2824 Ex
468 2787 562 2824 Cod.
591 2789 651 2824 16.
683 2788 784 2824 Vide
807 2788 911 2824 dicta
935 2788 974 2823 in
999 2788 1128 2835 Epist.
1155 2789 1310 2831 Natat„
1339 2791 1372 2836 I,
1396 2799 1537 2836 XLVIII,
1563 2799 1679 2825 XLIX.
1704 2790 1882 2836 Numeri,

243 2837 387 2884 quibus
408 2835 537 2871 variae
554 2836 827 2882 responsiones
846 2837 1064 2882 signantur,
1084 2835 1322 2882 respondent
1340 2837 1515 2872 formulis
1530 2849 1551 2872 a
1567 2837 1699 2873 Natali
1713 2837 1881 2883 traditis,

246 2895 342 2931 quas
361 2883 552 2919 edidimus
570 2883 610 2918 in
629 2888 660 2919 t.
685 2884 716 2928 I,
735 2883 919 2930 append,
938 2883 1026 2928 XX,
1045 2883 1157 2918 XXII
1176 2889 1216 2918 et
1230 2884 1376 2929 XXIII;
1397 2896 1475 2919 non
1494 2890 1627 2919 autem
1651 2896 1807 2931 semper
1825 2897 1884 2921 re-

246 2931 440 2985 spondent
458 2930 702 2966 examinibus
720 2930 986 2978 autographis,
1004 2930 1043 2965 in
1061 2930 1203 2977 quibus
1222 2931 1318 2966 mira
1334 2931 1502 2967 varietas
1522 2936 1561 2966 et
1578 2931 1758 2968 confusio
1772 2944 1885 2979 repe·

246 2984 357 3014 ntur.
377 2978 606 3014 Examinum
624 2983 807 3024 excerpta
823 2977 1026 3013 dumtaxat
1042 2977 1195 3021 damuS,
1214 2977 1263 3013 ad
1287 2978 1457 3014 litteram
1476 2984 1607 3014 autem
1626 2991 1676 3014 ex
1701 2984 1883 3025 autogra-

245 3025 332 3080 phis
350 3025 558 3071 descripta.
579 3025 838 3060 praeclarium
857 3031 986 3061 tamen
1004 3025 1258 3072 quorumdam
1277 3025 1447 3062 virorum
1475 3025 1655 3061 examina
1681 3026 1883 3063 interdum

245 3078 398 3119 lntegra
422 3072 596 3115 edemus,
621 3072 716 3108 nihil
740 3073 779 3108 in
802 3072 912 3119 ipsis,
935 3084 986 3108 ne
1009 3083 1191 3108 numeros
1219 3072 1377 3120 quidem
1408 3073 1706 3120 responsionum
1733 3074 1875 3110 immu-
