2196 3522
269 260 316 300 82
838 261 883 296 P.
911 259 1101 295 NATALis
1126 258 1352 294 EPHEMER.

361 364 512 410 Lectis
524 364 792 419 literis,'quo
809 362 900 405 ritu
917 362 1080 415 solent,
1095 360 1331 404 aduocatis
1347 360 1556 414 testibus,
1575 361 1788 418 respondi
1799 362 1919 407 182

271 458 345 488 me
368 443 461 486 fore
493 442 539 486 in
576 439 849 486 obedientia:
875 453 978 493 nec,
1009 444 1326 495 praeterquam
1357 438 1537 483 videam
1578 453 1677 484 esse
1699 439 1914 484 volunta—

273 527 364 565 tem
386 519 618 576 principis,
641 517 885 574 quicquam
909 523 1133 560 acturum.

361 597 539 642 Literae
562 595 862 654 prohibebant
878 608 936 637 ne
958 592 1189 638 visitarem
1209 587 1418 648 omnino,
1452 599 1695 649 antequam
1724 593 1912 654 exhibe-

273 690 370 720 rem
391 673 492 731 regi
512 688 637 718 meas
660 673 901 717 facultates
916 677 963 715 et
978 670 1149 716 literas.

364 752 446 794 Est
467 757 701 807 praeterea
722 764 749 793 a
771 748 939 792 nostris
961 763 987 792 a
1008 763 1081 793 me
1102 746 1291 791 missum
1328 753 1517 792 senatus
1548 746 1662 804 regij
1694 746 1916 801 edictum,

277 843 370 884 quo
391 828 484 871 duo
500 827 903 872 interdicebantur:
923 836 1040 882 p.um
1053 859 1063 879 ‚
1083 840 1142 869 ne
1157 824 1376 881 pecunias
1392 840 1449 870 ex
1466 824 1690 881 Hispania
1705 826 1917 869 extrahe-

277 920 444 950 remus.
473 916 609 959 2,um‚
634 918 693 966 ne
716 906 898 947 Patrem
918 902 1115 959 aliquem
1137 910 1216 946 aut
1239 903 1438 946 fratrem.
1465 902 1734 947 Addebatur
1755 916 1814 946 ne
1830 917 1925 959 ego

278 981 526 1035 visitarem,
545 982 668 1038 quod
689 995 835 1025 essem
856 987 1117 1024 extraneus.
1561 972 1567 975 ’

371 1060 503 1116 Quae
525 1058 694 1104 fuerint
721 1058 728 1116 Ι
755 1072 921 1102 causae
937 1057 1075 1101 huius
1092 1064 1183 1100 tam
1202 1057 1462 1114 praecipitis
1478 1064 1617 1113 atque
1634 1057 1785 1102 acerbi
1801 1056 1922 1100 iudi-

282 1136 356 1193 cij,
381 1135 483 1192 quis
504 1142 679 1189 auctor,
704 1149 793 1192 ego
815 1134 927 1178 nihil
949 1141 1118 1179 temere
1135 1134 1299 1188 dicam,
1325 1136 1413 1179 X.0
1440 1135 1650 1192 propitio,
1670 1136 1752 1180 sed
1769 1141 1922 1178 tamen

282 1213 371 1257 iam
392 1213 498 1258 inde
519 1212 650 1255 multi
671 1219 779 1256 sunt
800 1211 1017 1268 suspicati
1035 1211 1174 1256 fuisse
1190 1214 1353 1256 horam
1371 1212 1603 1256 turbinum
1620 1212 1922 1257 architectum

284 1289 546 1335 Araozium.
579 1291 752 1334 Verum
780 1289 856 1333 illa
884 1304 1116 1345 nunquam
1145 1290 1267 1346 apud
1293 1304 1365 1333 me
1394 1289 1586 1346 suspitio
1611 1289 1834 1343 obtinere,
1858 1290 1923 1333 ita

286 1367 406 1413 enim
438 1367 560 1411 illam
588 1366 695 1421 vici,
726 1374 776 1411 vt
803 1368 936 1424 plane
964 1366 1189 1424 potuerim
1218 1366 1368 1412 iurare
1395 1381 1468 1410 me
1493 1368 1503 1388 ¹
1529 1367 1714 1412 credere
1735 1366 1799 1411 ita
1830 1381 1924 1411 non

286 1458 402 1497 esse,
427 1443 515 1488 nisi
537 1444 643 1501 quia
664 1451 997 1501 procuratores,
1017 1444 1096 1501 qui
1111 1451 1338 1489 venerunt
1360 1451 1518 1500 postea
1540 1459 1596 1489 ex
1618 1451 1810 1500 Vtraque
1832 1445 1925 1488 Ca—

287 1522 433 1575 stella,
453 1521 575 1565 illam
596 1521 901 1578 suspicionem
924 1520 939 1542 ²
959 1522 1302 1576 confirmarunt,
1325 1528 1463 1577 atque
1490 1522 1603 1565 adeo
1630 1521 1750 1565 illius
1779 1521 1925 1565 turbi-

288 1598 359 1642 nis
386 1598 681 1643 coniecerunt
706 1598 822 1642 163
853 1599 1032 1655 culpam
1059 1597 1107 1641 in
1138 1597 1401 1651 Araozium,
1432 1612 1573 1654 quum
1603 1613 1691 1655 ego
1728 1597 1841 1642 nihil
1869 1599 1930 1642 de

289 1675 485 1720 Araozio
507 1675 776 1732 suspicarer,
808 1690 958 1731 neque
984 1675 1105 1719 enim
1134 1668 1308 1720 ferebat
1335 1675 1642 1720 conscientiae
1668 1690 1796 1719 meae
1816 1674 1925 1719 sim-

289 1752 488 1809 plicitas,
533 1760 582 1795 vt
620 1759 712 1795 tam
747 1759 876 1797 atrox
914 1751 1089 1796 facinus
1109 1752 1358 1805 crederem,
1379 1759 1470 1796 tam
1493 1752 1784 1809 pernitiosam
1820 1767 1928 1809 pro-

290 1828 537 1889 ditio[nem]
561 1832 619 1875 ab
642 1830 719 1874 tali
742 1833 878 1874 Patre
899 1829 1095 1887 prodire,
1117 1844 1171 1873 ac
1198 1846 1256 1875 ne
1278 1846 1305 1874 a
1331 1845 1576 1886 quoquam,
1601 1831 1681 1886 qui
1709 1830 1931 1876 Societati

292 1922 458 1953 nomen
475 1908 690 1961 dedisset,
714 1907 939 1965 proficisci
961 1922 1095 1964 posse
1118 1909 1150 1951 ³.

382 1986 537 2041 Quum
559 1984 702 2042 igitur
721 1987 811 2028 hoc
834 1999 925 2028 non
946 1999 1142 2041 possem,
1163 1984 1377 2029 subibant
1394 1985 1672 2038 occasiones,
1694 2000 1810 2042 quae
1826 2000 1930 2030 mo-

295 2076 402 2105 uere
422 2061 677 2118 potuissent
710 2068 756 2105 et
784 2076 940 2119 regem
969 2069 1015 2106 et
1042 2069 1267 2106 senatum.
1307 2061 1528 2116 Primum,
1558 2062 1768 2106 alienatio
1790 2063 1930 2106 animi

294 2138 407 2195 regij
431 2153 458 2181 a
476 2141 529 2182 P.
550 2140 586 2182 F
588 2138 792 2182 rancisco
808 2146 996 2195 propter
1013 2139 1163 2182 fratris
1194 2139 1440 2196 negocium
1469 2138 1475 2196 l
1502 2138 1786 2195 hispalensis.
1822 2139 1929 2184 Dis-

294 2215 462 2268 cessio,
489 2222 534 2260 et
556 2216 719 2259 modus
740 2214 1044 2259 discessionis.
1071 2215 1228 2259 Missio
1249 2215 1482 2260 literarum
1503 2231 1560 2259 ex
1589 2215 1734 2272 primo
1765 2217 1936 2273 oppido

294 2292 487 2349 Galljae.
508 2292 664 2337 Missio
680 2307 737 2336 ex
754 2292 952 2336 Castella
968 2292 1199 2338 Marianae
1215 2300 1260 2337 et
1277 2294 1491 2337 Acostae.
1507 2293 1683 2338 Inuidia
1699 2302 1935 2338 contracta
1963 2314 1967 2321 ·

297 2385 353 2415 ex
374 2369 587 2414 missione
608 2369 902 2426 pecuniarum
930 2369 1150 2426 superiori
1173 2377 1391 2427 tempore.
1423 2371 1619 2415 Auersio
1647 2379 1933 2429 magnatum,

296 2453 343 2490 et
365 2446 547 2502 quidem
569 2461 742 2500 eorum,
768 2446 845 2502 qui
867 2446 1010 2491 nostri
1026 2454 1155 2491 erant
1171 2447 1366 2503 patroni,
1387 2463 1414 2491 a
1431 2451 1567 2492 Patre
1585 2449 1804 2505 generali,
1824 2464 1931 2506 pro-

297 2531 397 2580 pter
419 2538 582 2581 genus,
609 2531 706 2567 tum
728 2525 849 2579 quod
870 2524 1070 2567 venisset
1091 2523 1137 2566 in
1159 2523 1353 2568 Galliam
1377 2539 1480 2568 cum
1503 2526 1672 2582 legato,
1696 2507 1828 2571 hoste
1849 2541 1935 2570 no-

297 2601 433 2645 minis
453 2600 645 2657 hispani.
672 2600 894 2653 Offensio,
915 2603 1037 2656 quod
1052 2601 1231 2644 senatui
1248 2601 1548 2647 exhibuerant
1564 2601 1910 2663 eons[ti]164tu
1921 2630 1937 2635 —

300 2678 463 2733 tiones,
488 2677 535 2721 in
555 2678 720 2733 quibus
741 2677 954 2722 viderunt
981 2678 1092 2721 illud
1120 2678 1371 2722 abscissum
1393 2680 1566 2733 folium,
1599 2695 1690 2736 quo
1716 2682 1937 2738 legeban—

301 2762 375 2798 tur
399 2755 529 2799 Pauli
548 2755 612 2810 4.i
649 2756 741 2798 duo
762 2754 838 2798 illa
860 2755 1022 2799 edicta.

392 2832 467 2875 Ad
485 2834 596 2876 haec
612 2831 779 2885 omnia,
800 2832 912 2875 illud
929 2833 1062 2889 plane
1078 2832 1319 2878 videbatur
1335 2834 1446 2878 mihi
1468 2849 1568 2878 esse
1584 2835 1826 2880 verisimile
1844 2837 1940 2879 Ro-

376 2961 388 2980 ¹
438 2958 529 3004 Ms.,
549 2969 670 2994 mem.

373 3020 388 3039 ²
439 3018 516 3053 Ms.
528 3045 538 3063 ,
556 3017 871 3065 suspicitionem.

376 3078 391 3098 ³
442 3077 701 3122 SAccnmus,
716 3078 794 3113 loc.
818 3077 910 3123 cit.,
930 3091 970 3113 n.
1003 3079 1064 3114 26.
