2196 3522
340 265 409 310 566
956 266 1093 303 EPIST.
1122 266 1170 302 P.
1203 266 1238 302 N
1240 275 1352 303 ADAL

340 364 475 408 etiam
497 379 691 417 menses,
717 371 763 408 et
789 364 1083 411 concionatus
1110 381 1210 410 sum
1234 373 1435 423 tempore
1456 367 1680 412 aduentus
1702 374 1769 413 ter
1786 367 1830 411 in
1853 369 1966 412 heb-

339 424 544 467 domada.
574 425 642 480 [ΙΙ,
674 423 770 484 104]

436 495 471 525 1.
538 485 694 526 Vocor
708 484 911 541 Joannes
929 485 1154 536 Piscator,
1177 484 1470 540 Sypontinus.
1497 498 1533 528 2.
1559 485 1758 542 Implevi,
1783 485 1965 531 sirecte

341 542 566 594 recordor,
594 555 663 596 24.
694 556 734 598 3.
761 543 958 587 Natione
986 558 1085 586 sum
1114 558 1374 600 germanus,
1399 544 1656 600 provinciae
1683 546 1964 589 wurtenber-

341 600 530 655 gensis..
538 612 613 655 ..7
641 601 774 645 Vitae
796 602 1099 646 conditionem
1128 602 1431 646 studiosorum
1460 610 1681 659 sequutus
1709 618 1825 656 sum,
1851 612 1896 648 et
1918 604 1965 647 in

340 658 476 702 nullis
499 635 596 703 aliis
619 669 825 705 uersatus
848 676 948 704 sum
976 663 1165 706 rebus...
1205 674 1266 705 12.
1300 662 1455 706 Sunt'
1444 677 1531 705 lam
1566 669 1737 718 septem
1769 663 1892 716 anni,
1918 663 1965 705 ni

342 719 491 771 fallor,
525 726 604 762 aut
631 722 765 775 paulo
794 722 908 776 plus,
940 722 1060 777 quod
1087 735 1188 763 sum
1217 728 1424 777 receptus
1453 736 1479 763 a
1510 721 1737 766 Societate
1764 721 1811 764 in
1837 722 1964 766 vien·

341 777 470 820 nensi
493 779 684 835 collegio
706 780 751 823 in
774 780 976 834 Austria,
1001 787 1046 824 et
1071 779 1135 822 fui
1158 779 1493 824 examinatus...
1526 793 1592 834 14.
1624 782 1720 824 Nec
1742 795 1858 835 sum,
1885 795 1967 824 nec

341 837 543 880 ordinem
581 840 743 891 habeo,
782 846 1095 895 praeterquam
1124 852 1152 893 4
1179 839 1390 883 minores.
1429 850 1495 894 15.
1527 839 1612 883 Fui
1639 839 1686 882 in
1715 839 1965 894 viennensi,

344 895 691 952 ingolstadiensi
722 906 768 942 et
801 898 1108 942 monachiensi
1141 898 1380 955 collegio...
1418 896 1555 956 [Sela]
1600 911 1635 942 Ι.
1669 899 1794 955 Quot
1828 913 1969 943 annos

341 955 541 999 dederim
566 971 746 1012 operam
776 957 916 1001 literis
945 957 1094 1002 dicere
1123 972 1211 1000 non
1243 958 1390 1010 ualeo,
1422 966 1511 1000 tam
1540 964 1667 1001 extra
1695 957 1966 1002 Societatem

341 1028 476 1080 quam
499 1015 630 1070 intra3
657 1024 805 1059 tamen
829 1017 864 1059 si
888 1025 1011 1061 recte
1027 1016 1281 1060 ratiocinari
1297 1016 1448 1068 velim,
1469 1024 1662 1073 quatuor
1680 1031 1838 1069 annos,
1858 1017 1966 1060 dum

342 1073 388 1116 in
411 1074 637 1119 Societate
660 1076 739 1128 fui,
766 1075 842 1118 uix
865 1075 1242 1131 consumpsissem
1264 1075 1311 1118 in
1332 1076 1548 1131 studijs...
1584 1087 1624 1130 5.
1657 1077 1732 1119 An
1754 1090 1966 1132 progres-

342 1147 442 1175 sum
466 1133 658 1188 aliquem
682 1135 896 1179 fecerim
885 1151 931 1178 m
953 1135 1114 1178 studiis
1131 1135 1209 1178 uix
1230 1134 1434 1191 intelligo
1455 1142 1637 1191 propter
1659 1135 1807 1178 uarias
1829 1149 1965 1178 occu-

341 1192 546 1248 pationes
578 1194 737 1237 studiis
768 1209 946 1250 semper
962 1195 1201 1246 immixtas,
1228 1208 1343 1250 quae
1364 1209 1437 1238 me
1459 1209 1634 1261 semper
1662 1195 1900 1237 turbarunt
1922 1201 1968 1238 et

341 1253 677 1307 perturbarunt,
703 1254 830 1309 quasi
852 1253 963 1297 nihil
984 1254 1256 1307 studuerim;
1281 1253 1319 1297 si
1341 1268 1451 1297 uero
1474 1253 1519 1296 in
1543 1253 1692 1308 aliquo
1714 1253 1965 1296 studiorum

343 1324 511 1366 genere
547 1313 828 1367 profecerim,
869 1313 915 1355 in
951 1313 1235 1379 philosophia
1261 1312 1361 1365 erit,
1393 1313 1600 1368 quamuis
1631 1313 1761 1356 ualde
1787 1308 1962 1369 parum

344 1371 385 1412 6.
421 1371 580 1413 Nullos
602 1372 772 1427 gradus
793 1372 1005 1428 suscepi..
1017 1374 1143 1428 .,[III
1175 1384 1271 1429 197,
1303 1372 1399 1429 198,
1426 1371 1526 1431 204]

438 1442 474 1472 Ι.
541 1431 691 1473 Vocor
706 1431 908 1488 soa-ames
938 1432 1142 1474 Retlzius.
1171 1444 1211 1474 2.
1244 1432 1350 1487 Ago
1378 1445 1545 1474 annum
1569 1429 1849 1486 trigesimum
1878 1430 1970 1486 pri—

344 1502 522 1531 mum...
558 1502 598 1544 3.
640 1491 786 1533 Natus
815 1505 914 1533 sum
944 1490 990 1533 in
1018 1490 1200 1534 civitate
1227 1489 1528 1533 coloniensi...
1562 1501 1603 1543 7.
1636 1491 1894 1545 Antequam
1923 1489 1968 1531 in

343 1547 615 1591 Societatem
653 1549 897 1616 reciperer,
929 1557 1072 1594 mater
1108 1564 1179 1593 me
1217 1550 1500 1593 sustentabat
1537 1548 1582 1591 in
1612 1548 1776 1600 studio,
1807 1547 1970 1604 partim

343 1608 463 1672 apud
485 1622 549 1659 se,
575 1607 735 1663 partim
758 1609 804 1651 in
827 1610 1104 1664 Vestphalia,
1125 1616 1171 1652 et
1191 1608 1358 1665 exiguo
1381 1615 1581 1665 tempore
1602 1607 1649 1650 in
1670 1607 1818 1651 Gallia
1841 1607 1969 1651 Pari—

343 1664 436 1718 siis3
464 1673 572 1709 tunc
594 1674 761 1720 autern,
787 1682 889 1710 cum
913 1668 1186 1712 Societatem
1217 1667 1491 1720 admitterer,
1517 1667 1731 1710 docebam
1755 1666 1968 1710 Coloniae

343 1724 390 1766 in
412 1724 548 1768 bursa
570 1741 687 1770 nova
709 1740 1030 1771 coronarum...
1069 1739 1135 1770 12
1161 1728 1284 1770 Ante
1306 1741 1447 1770 annos
1469 1726 1646 1769 circiter
1675 1741 1718 1783 9.
1753 1726 1969 1769 Coloniae

343 1798 368 1826 a
391 1785 504 1827 Rdo.
532 1787 584 1828 P.
611 1787 846 1830 Leonardo
864 1787 1023 1830 Kessel
1039 1786 1232 1842 primum
1254 1787 1310 1830 ad
1333 1785 1605 1830 Societatem
1622 1792 1830 1840 receptus
1846 1799 1964 1838 sum3

342 1857 433 1885 non
455 1843 517 1887 ita
538 1844 615 1887 diu
637 1852 738 1900 post
761 1847 928 1889 Romae
950 1852 1160 1902 receptus
1176 1860 1331 1888 sum...
1364 1857 1429 1899 14.
1457 1845 1677 1889 Sacerdos
1699 1845 1845 1887 factus
1867 1859 1967 1887 sum

342 1903 513 1945 Romae
544 1905 676 1959 paulo
704 1911 944 1960 antequam
973 1905 1207 1948 Coloniam
1236 1904 1436 1948 mitterer
1463 1919 1490 1947 a
1517 1910 1700 1947 sanctae
1727 1902 1969 1948 memoriae

346 1963 480 2004 Patre
502 1970 658 2006 nostro
682 1963 892 2020 Ignatio..
904 1999 911 2007 .
946 1974 1011 2018 15.
1038 1963 1155 2007 Fui
1144 1979 1191 2006 in
1213 1962 1405 2019 collegio
1422 1977 1641 2006 romano..
1684 1974 1752 2016 23.
1776 1961 1873 2004 Iuvi
1895 1977 1968 2006 re—

343 2027 513 2064 ctorem
536 2021 582 2064 in
605 2022 796 2078 collegio
814 2023 1073 2079 germanico
1090 2025 1277 2075 Romae,
1297 2029 1343 2065 et
1360 2022 1575 2065 Coloniae
1592 1996 1801 2077 expedivi
1822 2035 1967 2077 nego-

343 2078 419 2132 tia,
445 2094 561 2134 quae
583 2080 937 2138 iniungebantur
967 2083 1199 2126 tractanda
1221 2096 1323 2124 cum
1346 2083 1458 2124 Rev.
1464 2092 1527 2116 mo
1555 2080 1782 2136 episcopo,
1807 2087 1968 2123 senatu

341 2145 385 2181 et
409 2139 506 2181 aliis
527 2146 654 2183 extra
682 2141 957 2195 collegium..
1012 2154 1082 2196 31.
1115 2142 1159 2185 A
1187 2155 1327 2197 puero
1355 2139 1494 2184 literis
1516 2154 1696 2195 operam
1719 2138 1837 2182 dedi:
1863 2146 1967 2191 ante

341 2197 596 2253 ingressum
625 2199 867 2244 Societatis
894 2176 1086 2243 artibus:
1123 2207 1225 2256 post
1262 2201 1431 2243 Romae
1459 2213 1537 2255 per
1563 2212 1732 2242 annum
1768 2189 1967 2253 philoso-

342 2257 492 2311 phiam
521 2258 688 2308 audivi,
713 2266 758 2303 et
785 2274 863 2315 per
890 2274 1058 2302 annum
1086 2266 1164 2302 aut
1191 2258 1382 2315 amplius
1420 2257 1708 2314 theologiam.
1740 2258 1967 2301 Reversus

342 2316 599 2370 Coloniam,
630 2317 823 2373 primum
853 2318 1146 2361 concionatus
1172 2333 1288 2370 sum,
1320 2324 1421 2373 post
1457 2331 1535 2373 per
1571 2318 1685 2359 duos
1713 2330 1858 2359 annos
1888 2322 1967 2359 aut

344 2375 534 2430 amplius
562 2376 829 2420 rhetoricam
859 2377 1007 2430 docui,
1038 2377 1201 2422 deinde
1229 2375 1438 2421 Treveris
1460 2391 1560 2419 sum
1587 2374 1895 2427 concionatus,
1920 2381 1965 2419 et

343 2434 608 2490 Moguntiae
636 2435 796 2491 partim
826 2437 1023 2481 externis
1050 2436 1246 2493 negotiis
1273 2442 1537 2491 occupatus,
1566 2434 1728 2491 partim
1756 2433 1964 2490 privatim

342 2493 514 2538 studui
549 2493 771 2551 [Alterum
800 2509 990 2538 examen
1025 2496 1227 2552 ejusdem
1265 2493 1448 2561 Retlzii}
1491 2506 1532 2537 2.
1573 2493 1764 2537 Circiter
1803 2503 1875 2547 35,
1915 2499 1966 2535 ut

341 2559 506 2607 puto...
541 2555 581 2595 8.
614 2555 664 2596 In
693 2568 783 2609 quo
811 2555 883 2598 vel
910 2554 1075 2610 quibus
1102 2553 1304 2610 collegiis
1332 2553 1482 2597 fuerit.
1514 2555 1700 2605 Romae,
1731 2551 1962 2604 Coloniae,

342 2612 623 2667 Moguntiae,
656 2613 918 2657 Treveris...
957 2627 1023 2668 13.
1057 2615 1132 2657 An
1161 2613 1218 2656 sit
1245 2619 1477 2669 promotus
1499 2611 1545 2654 in
1578 2611 1726 2666 aliqua
1754 2611 1967 2654 facultate

341 2676 387 2714 et
416 2671 507 2713 ubi.
535 2673 584 2713 In
607 2671 777 2715 artibus
801 2679 845 2716 et
874 2672 1100 2729 theologia
1123 2672 1352 2716 Coloniae.
1380 2670 1469 2728 [III,
1496 2671 1600 2724 665-
1610 2669 1712 2727 674]

437 2742 472 2772 1.
532 2731 736 2787 joannes
764 2732 1011 2788 Rogerz'us.
1044 2744 1085 2775 2.
1120 2733 1173 2786 38
1203 2738 1281 2774 aut
1309 2730 1428 2773 circa
1455 2743 1596 2772 annos
1623 2736 1772 2772 natus.
1806 2741 1847 2794 3.
1873 2729 1967 2771 Na-

343 2786 477 2831 tionis
515 2789 779 2845 gallicanae,
819 2790 1079 2857 prouinciae
1115 2790 1404 2841 Franciae,e
1380 2788 1664 2845 episcopatus
1692 2785 1964 2853 parisiensis,

342 2847 511 2899 patriae
527 2848 770 2914 eiusdem..
782 2860 860 2902 ..7
886 2849 1040 2893 Ante
1029 2864 1284 2906 mgressum
1303 2847 1542 2893 Societatis
1564 2846 1778 2902 magister
1794 2845 1839 2887 in
1857 2844 1966 2888 arti—

340 2906 442 2957 bus,
463 2906 570 2950 etin
587 2907 747 2951 studiis
769 2909 1067 2952 versabatur..
1079 2921 1180 2951 ..12
1207 2909 1393 2951 Annum
1415 2906 1511 2963 agit
1538 2915 1586 2961 15
1611 2905 1699 2948 ab
1687 2918 1895 2971 mgressu
1917 2902 1964 2946 in

342 2964 631 3019 Societatem,
657 2974 865 3023 receptus
886 2982 912 3011 a
940 2970 992 3011 P.
1021 2966 1296 3010 Paschasio
1285 2981 1332 3010 1n
1354 2964 1685 3022 Longobardia.
1712 2962 1959 3015 Bononiae,

339 3023 504 3067 ibidem
533 3025 579 3068 in
608 3025 876 3081 quibusdam
911 3026 1208 3080 examinatus,
1248 3026 1328 3070 sed
1358 3026 1536 3069 Romae
1563 3030 1721 3079 postea
1755 3020 1900 3064 fusius
1936 3035 1962 3064 a
