2196 3522
830 269 877 306 29
902 260 1148 296 Dsscmfflms
1176 260 1267 306 156²
1810 270 1877 309 195

339 373 407 417 13.
483 362 668 417 Quanto
690 362 731 405 al
758 367 880 405 resto
907 361 954 404 di
982 360 1203 417 scriuere,
1227 363 1287 407 N.
1322 364 1376 407 P.
1408 363 1586 409 benche
1607 363 1653 406 10
1682 369 1876 407 trouauo

245 439 319 481 dal
339 437 558 495 principio
579 438 719 482 molto
740 438 903 492 alieno,
927 453 1001 482 ma
1027 453 1120 482 non
1148 445 1276 484 tanto
1302 440 1484 494 adesso3
1510 447 1556 485 et
1586 454 1645 484 uo
1678 442 1877 484 anchora

245 516 527 573 designando
543 530 630 559 con
646 530 728 560 sua
746 514 844 560 Ρ.ῒέι
866 531 916 561 se
931 516 1176 573 potessimo
1191 523 1345 561 trouar
1359 518 1523 562 alcuno
1540 517 1654 561 altro
1670 517 1718 561 in
1734 519 1879 562 Roma

246 594 332 638 che
367 591 779 650 sperimentassimo
814 592 852 637 si
887 592 1166 638 riuscirebbe
1202 608 1283 650 per
1317 593 1516 639 scriuere
1550 597 1579 638 ¹.
1618 595 1722 638 Con
1759 600 1879 638 tutto

246 677 407 726 questo
428 669 471 713 io
491 671 552 713 ho
574 684 791 727 speranza
806 670 908 715 chel
926 672 978 714 P.
1004 672 1128 714 M.tro
1157 669 1342 714 Canisio
1357 673 1486 727 potra
1507 670 1680 715 aiutare
1695 670 1742 714 in
1765 670 1879 715 scri-

246 755 354 785 uere
375 747 501 784 tanto
523 741 642 785 forsa
662 755 792 786 come
813 740 1128 798 qualsiuoglia.
1150 742 1275 785 Hase
1296 743 1494 785 anchora
1510 742 1667 785 scritto
1684 756 1711 785 a
1732 743 1876 786 Roma

245 832 331 862 con
367 817 610 875 diligencia
646 820 730 862 che
772 821 885 863 Μ.ιὌ
913 818 1076 862 Fuluio
1102 824 1148 873 et
1176 819 1224 862 M
1231 829 1288 861 ‚ro
1327 818 1619 875 Perpignano
1657 819 1692 873 ⁸,
1731 821 1816 863 che
1851 819 1877 863 ὁ

244 894 275 937 11
297 895 534 948 rhetorico,
558 902 605 939 et
625 895 656 938 li
678 894 871 952 migliori
891 895 935 939 la
955 895 1014 938 de
1034 895 1098 952 gl’
1122 895 1223 938 altri
1244 896 1330 940 che
1350 896 1502 938 hanno
1520 896 1631 940 letto
1649 895 1876 939 rhetorica

242 972 381 1015 molto
418 979 584 1028 tempo,
605 971 781 1016 saccino
816 971 956 1016 latine
990 972 1034 1016 le
1054 972 1215 1017 lettere
1251 972 1363 1017 deu'
1387 972 1528 1025 India,
1564 980 1610 1017 et
1640 973 1684 1016 io
1717 987 1804 1016 con
1832 973 1876 1016 la

244 1047 390 1105 gratia
410 1049 484 1093 del
506 1048 674 1106 Signor
693 1049 795 1092 saro
817 1047 1080 1092 sollicitator
1100 1048 1146 1091 di
1163 1055 1282 1093 tutte
1302 1056 1464 1104 queste
1486 1063 1595 1094 cose
1612 1051 1644 1092 ³.

338 1137 405 1179 14.
471 1126 542 1170 De
562 1126 703 1168 hauer
724 1124 933 1182 maggior
961 1125 1125 1169 facolta
1146 1126 1197 1168 in
1210 1126 1324 1183 foro
1347 1126 1563 1168 interiori
1585 1140 1663 1182 per
1680 1126 1875 1171 Germa—

244 1201 334 1254 nia,
360 1202 478 1246 ultra
498 1202 616 1247 delle
636 1202 726 1247 due
747 1203 887 1256 dette,
911 1201 950 1245 si
974 1205 1218 1259 procurara
1238 1201 1560 1259 specialmente
1586 1218 1666 1260 per
1692 1203 1722 1246 li
1753 1202 1872 1255 libri,

242 1279 376 1336 dopoi
396 1280 482 1324 che
502 1279 568 1322 sia
599 1293 725 1323 meso
757 1278 874 1322 fuori
895 1278 927 1322 il
959 1279 1185 1337 catalogo,
1209 1280 1282 1323 del
1311 1280 1445 1336 quale
1476 1279 1514 1323 si
1537 1286 1673 1324 tratta
1694 1280 1870 1323 adesso.

244 1357 330 1400 Del
346 1362 469 1401 resto
486 1355 636 1402 scriue
657 1356 687 1399 11
710 1359 763 1400 P.
790 1358 837 1401 M
845 1355 880 1400 ‚⁰
898 1357 1098 1401 Polanco
1114 1358 1142 1400 ⁴.
1163 1357 1283 1402 Nelli
1305 1357 1511 1413 sacrificij
1530 1357 1647 1402 della
1664 1359 1717 1401 R.
1745 1358 1803 1401 V.
1829 1364 1874 1401 et

242 1432 347 1477 delli
367 1433 494 1490 padri
511 1440 558 1477 et
578 1433 772 1477 orationi
794 1434 851 1478 de
872 1433 1035 1478 fratelli
1061 1434 1121 1478 mi
1142 1434 1442 1478 raccomando
1473 1435 1547 1477 nel
1576 1434 1787 1491 Signore.
1812 1432 1873 1477 Di

244 1511 428 1564 Trento,
453 1522 510 1569 29
530 1510 576 1554 di
597 1511 731 1555 X.bre
759 1511 886 1567 1562.

314 1702 325 1723 ¹
377 1700 580 1737 Scribendi
610 1699 869 1736 ministerium
899 1700 1031 1747 magni
1060 1700 1292 1736 aestimabat
1321 1699 1518 1744 Canisius‚
1550 1699 1666 1747 idque
1696 1710 1765 1747 pro
1794 1698 1872 1735 fide

239 1759 430 1796 catholica
448 1760 488 1796 in
512 1759 722 1796 Germania
740 1759 886 1795 tuenda
903 1771 1149 1807 summopere
1174 1759 1352 1796 conferre
1375 1770 1452 1795 non
1469 1759 1686 1804 dubitabat3
1706 1758 1872 1806 ideoque

240 1819 454 1855 verisimile
471 1829 626 1866 prorsus
643 1823 705 1854 est
722 1818 853 1855 Natali
875 1818 1106 1855 Tridentum
1131 1818 1393 1866 proficiscenti
1416 1818 1712 1854 commendasse
1737 1823 1780 1853 ut
1803 1818 1872 1853 ali-

239 1890 336 1926 quos
354 1890 376 1914 e
394 1878 509 1914 sociis
527 1890 548 1914 a
565 1878 785 1925 praeposito
801 1878 976 1924 generali
994 1877 1192 1924 designari
1209 1883 1377 1924 curaret,
1391 1878 1458 1926 qui
1476 1878 1566 1914 huic
1584 1877 1735 1913 muneri
1752 1876 1871 1912 desti-

238 1943 440 1974 narentur.
465 1937 629 1984 Saepius
648 1937 748 1972 idem
767 1937 948 1973 Canisius
966 1938 1006 1974 in
1032 1938 1112 1973 suis
1136 1937 1312 1984 epistolis
1336 1939 1409 1974 hoc
1434 1938 1636 1984 negotium
1660 1937 1869 1972 Societatis

238 1996 546 2032 moderatoribus
563 1995 865 2031 commendavit.
881 1997 944 2041 Et,
958 2001 1001 2032 ut
1014 1997 1088 2032 alia
1102 1996 1326 2032 testimonia
1343 1996 1534 2039 omittam,
1550 1996 1673 2043 ipsius
1687 1997 1808 2031 verba
1821 1995 1871 2031 ad

236 2055 282 2092 P.
308 2055 486 2091 Lainium
504 2054 550 2090 23
569 2055 713 2102 Aprilis
735 2054 825 2100 1558
842 2054 932 2091 data
949 2054 1122 2103 proferre
1136 2055 1316 2091 sufficiat:
1333 2057 1392 2092 «la
1407 2067 1524 2103 opera
1541 2055 1782 2091 riuscirebbe
1797 2066 1870 2090 con

234 2126 331 2162 gran
354 2114 560 2161 guadagno
586 2114 635 2150 de
661 2114 827 2150 autorita
857 2126 1041 2162 appresso
1064 2114 1166 2150 della
1194 2120 1315 2164 gente
1341 2115 1544 2160 thudesca,
1568 2116 1604 2151 la
1627 2116 1717 2162 qual
1741 2114 1779 2150 fa
1804 2114 1869 2162 pin

230 2180 346 2210 conto
364 2173 414 2210 de
428 2186 480 2210 un
498 2174 677 2210 scrittore
695 2174 767 2210 che
785 2173 834 2209 de
852 2173 955 2209 dieci
970 2174 1139 2210 lettori.»
1154 2175 1509 2215 BRAUNSBERGER,
1527 2175 1601 2210 loc.
1617 2174 1702 2218 cit.,
1717 2174 1769 2220 11,
1784 2182 1867 2219 259.

306 2231 322 2252 ⁸
371 2233 532 2269 Fulvius
550 2232 758 2279 Cardulus,
776 2238 816 2268 et
834 2233 973 2268 Petrus
991 2233 1174 2280 Perpifia.
1199 2233 1299 2268 Vide
1318 2233 1439 2280 epist.
1463 2232 1547 2278 237,
1566 2245 1605 2269 n.
1625 2243 1660 2279 9.

309 2293 323 2313 ³
372 2291 473 2327 Vide
496 2292 614 2339 epist.
646 2291 729 2338 237,
754 2304 793 2327 n.
818 2302 854 2337 93
880 2296 921 2327 et
938 2291 1021 2337 243,
1046 2304 1084 2327 n.
1105 2302 1141 2338 9.
1170 2291 1244 2327 Die
1267 2297 1398 2328 autem
1421 2300 1443 2338 7
1470 2292 1645 2339 Januarii
1666 2291 1756 2337 1563
1773 2293 1870 2327 haec

238 2351 431 2387 Polancus
449 2351 554 2386 Patri
578 2351 765 2386 Madridio
783 2350 992 2386 scribebat:
1021 2351 1226 2387 «Reseiuio
1250 2351 1300 2387 N.
1324 2351 1370 2390 P.
1395 2353 1451 2387 las
1469 2352 1518 2387 de
1538 2353 1586 2387 V.
1606 2352 1653 2386 R.
1673 2351 1722 2386 de
1741 2350 1788 2386 30
1805 2351 1868 2386 del

240 2409 418 2456 passado,
436 2422 462 2457 y
481 2410 545 2446 uio
562 2411 600 2446 lo
617 2422 693 2458 que
711 2422 753 2445 se
772 2410 924 2445 escriue
941 2409 989 2445 de
1015 2421 1144 2446 nueuo
1163 2411 1277 2446 sobre
1304 2411 1340 2447 la
1358 2411 1586 2446 translation
1605 2410 1654 2446 de
1674 2411 1730 2445 las
1749 2411 1869 2446 letras

240 2469 290 2505 de
307 2470 343 2505 13
360 2469 483 2513 India,
502 2481 543 2516 y,
561 2481 714 2517 aunque
732 2480 898 2516 parecen
916 2470 1066 2505 buenos
1083 2469 1290 2506 recuerdos
1307 2471 1345 2506 lo
1362 2470 1449 2517 [sic]
1466 2482 1542 2518 que
1556 2470 1605 2505 da
1619 2470 1668 2505 V.
1683 2470 1746 2514 R„
1763 2469 1869 2504 toda-

241 2530 304 2565 uia
321 2529 358 2564 16
375 2539 514 2576 parece
532 2531 553 2564 a
571 2529 620 2564 N.
640 2529 682 2564 P.
701 2540 777 2576 que
803 2529 898 2564 Μ.1’Ο
915 2528 1054 2564 Fuluio
1080 2528 1198 2576 podra
1222 2540 1427 2576 comencar
1453 2528 1683 2576 empleando
1710 2540 1760 2564 en
1784 2534 1870 2564 esto

240 2589 358 2634 algun
375 2587 531 2635 tiemp0,
553 2587 614 2623 sin
630 2587 751 2623 dexar
768 2599 814 2623 su
832 2588 985 2624 estudio
1002 2587 1051 2623 de
1074 2589 1286 2635 theologia,
1312 2600 1339 2635 y
1358 2589 1394 2624 el
1413 2592 1486 2624 3ῆο
1505 2593 1639 2623 entero
1656 2599 1731 2634 que
1750 2586 1869 2622 desea

240 2648 411 2694 emplear
429 2658 478 2682 en
496 2648 531 2682 61
550 2648 588 2683 10
604 2647 722 2694 podra
739 2648 856 2682 hazer
874 2647 1042 2694 despues
1058 2659 1134 2694 que
1152 2659 1195 2683 se
1219 2649 1339 2683 acabe
1359 2653 1443 2683 esta
1461 2647 1689 2683 translation
1707 2658 1733 2692 y
1750 2647 1785 2681 al
1803 2657 1869 2681 ve-

237 2718 331 2743 rano
348 2717 424 2754 que
442 2705 557 2742 uiene
573 2706 726 2753 quando
744 2706 821 2742 den
838 2707 949 2752 lugar
966 2707 1022 2742 las
1040 2706 1239 2742 uacantias
1256 2706 1306 2743 de
1331 2708 1387 2743 las
1413 2707 1618 2750 lectiones,
1638 2708 1660 2740 6
1678 2707 1714 2740 61
1733 2716 1868 2740 11161101·

236 2767 381 2812 tiempo
397 2776 472 2812 que
491 2777 540 2800 en
558 2767 652 2801 ellas
670 2777 712 2801 se
730 2767 898 2811 gastara,
914 2765 1033 2812 podra
1046 2766 1162 2801 hazer
1176 2777 1310 2812 mayor
1323 2776 1545 2813 progresso:
1561 2777 1587 2811 y
1601 2775 1710 2804 como
1724 2765 1868 2810 alguna

236 2831 354 2871 tenga
372 2823 585 2870 traducida,
604 2825 640 2860 la
657 2825 786 2860 embie
804 2827 826 2860 a
843 2824 893 2860 N.
913 2825 957 2860 P.
978 2824 1020 2860 Si
1038 2837 1088 2860 en
1111 2829 1196 2860 este
1214 2824 1344 2860 medio
1367 2826 1516 2861 uiniere
1542 2824 1644 2859 Μ.ῐο
1668 2823 1863 2869 Vanegas,

236 2885 354 2933 podra
371 2895 435 2920 ser
451 2895 527 2931 que
545 2885 581 2919 61
599 2883 716 2919 3111116
734 2885 769 2919 31
786 2884 831 2919 P.
851 2883 990 2919 Fuluio
1006 2883 1056 2919 de
1072 2895 1169 2930 gran
1186 2889 1296 2931 parte
1313 2884 1426 2920 deste
1451 2883 1601 2929 trabajo
1622 2895 1640 2916 »
1658 2883 1717 2917 Ex
1735 2882 1869 2917 arche-

239 2950 348 2992 typo,
366 2943 407 2979 in
427 2942 522 2979 Cod.
542 2943 665 2985 PLB,
685 2953 732 2988 94
749 2942 815 2987 (6).

307 3006 322 3025 *
371 3003 482 3038 Hanc
512 3002 716 3049 epistolam
747 3001 869 3037 edidit
898 3002 1255 3047 BRAUNSBERGER,
1285 3004 1362 3039 loc.
1394 3002 1478 3048 cit.,
1512 3001 1583 3045 ΙΙΙ,
1616 3000 1698 3046 581-
1705 3000 1789 3046 585,
1817 3012 1868 3036 ex

239 3062 376 3098 eodem
394 3066 567 3109 regesto,
585 3061 651 3097 fol.
674 3061 755 3108 126,
773 3061 1055 3108 depromptam.
