2196 3522
351 328 423 372 624
975 309 1115 345 prs‘r.
1141 304 1186 339 P.
1213 301 1364 337 NADAL

355 434 482 485 poter
505 424 600 466 fare
622 433 712 463 una
732 411 1011 460 habitatione
1032 403 1284 454 commoda,
1314 397 1558 456 inperoche
1583 396 1643 437 ha
1669 390 1877 436 ordinato
1899 388 1989 431 che

356 486 402 531 di
425 485 487 528 tal
507 481 641 525 modo
663 478 701 521 si
723 471 907 519 acconci
929 476 975 515 et
996 467 1035 511 si
1062 462 1227 509 refacci
1247 462 1292 504 la
1318 465 1473 502 nostra
1497 451 1799 504 habitatione,
1831 449 1916 491 che
1932 460 1989 490 ce

358 543 583 604 possiamo
603 537 808 582 habitare
828 545 965 577 senza
985 527 1119 571 alcun
1139 524 1290 566 danno
1311 525 1482 569 nostro,
1518 529 1545 557 o
1566 526 1676 556 uero
1703 511 1786 553 che
1807 521 1860 551 ce
1881 519 1986 563 par-

359 613 495 649 tlamo
517 602 575 644 da
596 597 744 655 quella
765 600 811 638 et
832 589 1040 635 andiamo
1061 599 1088 627 a
1108 581 1312 626 habitare
1332 577 1379 620 in
1403 591 1464 620 un
1485 574 1598 617 altra
1619 576 1793 615 mentre
1829 567 1915 610 che
1946 562 1984 607 si

362 662 597 713 fabricata,
617 671 691 700 ma
711 653 775 698 lui
797 649 996 695 scriuera
1016 645 1075 687 da
1095 641 1274 686 Vienna
1295 636 1400 693 quel
1421 639 1547 677 tanto
1569 632 1654 674 che
1675 627 1711 672 si
1727 629 1787 671 ha
1801 626 1859 668 da
1875 625 1985 675 iare,

361 718 619 779 imperoche
646 729 738 758 non
765 714 825 755 ha
852 707 981 752 finito
1016 703 1062 747 di
1099 700 1266 745 uedere
1301 701 1463 753 questo
1498 688 1686 748 negotio
1722 686 1761 730 si
1787 699 1915 729 come
1941 682 1990 724 in

363 781 491 826 molti
527 775 643 828 altri,
684 773 758 817 nel
786 769 917 826 quale
946 763 1089 823 prima
1114 759 1155 803 ci
1181 760 1242 801 ha
1267 757 1325 799 da
1360 766 1510 798 essere
1535 751 1565 793 l'
1597 745 1905 802 archipiscopo
1933 741 1991 784 de

366 842 561 890 Uienna,
587 842 632 880 et
654 837 830 889 aspetta
858 838 1023 871 ancora
1049 822 1081 864 il
1108 821 1161 863 P.
1193 814 1396 862 Uictoria
1422 811 1467 855 di
1494 806 1735 858 Cassouia,
1764 802 1796 847 il
1816 801 1947 859 quale
1968 800 1996 843 e

367 905 588 955 occupato
609 895 658 937 in
679 891 865 935 uisitare
885 887 927 930 le
949 896 1055 927 cose
1077 876 1326 934 temporale
1347 871 1453 917 delli
1474 867 1615 913 nostri
1637 862 1830 920 collegii.

1105 1027 1193 1071 XV
1223 1025 1266 1082 (b

857 1119 909 1155 B.
949 1109 1184 1150 PETRUS
1222 1101 1514 1143 CANISIUS

903 1198 1044 1232 PATRI
1078 1192 1260 1237 JACOBO
1293 1186 1468 1221 LAINEZ

751 1278 1026 1334 Oeniponte,
1064 1283 1113 1315 12
1143 1275 1188 1314 et
1222 1279 1271 1323 31
1310 1251 1418 1319 Maj'i
1452 1260 1561 1316 1563
1598 1259 1628 1301 ¹.

377 1383 426 1418 Ρ.
447 1377 636 1416 Natalem
654 1373 707 1409 ad
724 1382 762 1406 se
780 1376 942 1405 evocare
959 1360 1175 1398 desiderat:
1193 1357 1240 1392 de
1264 1351 1454 1398 theologis
1481 1342 1875 1395 ingolstadiensibus:
1899 1341 2012 1387 optat

448 1429 634 1464 interesse
651 1415 876 1457 visitationi
899 1409 1060 1456 collegii
1081 1402 1344 1446 monacensis,
1369 1401 1413 1434 ut
1436 1397 1636 1432 rationem
1660 1404 1686 1427 a
1712 1389 1854 1426 Natali
1870 1389 1915 1424 in
1939 1397 2014 1422 suo

449 1470 674 1510 ministerio
691 1464 911 1502 adhibitam
930 1458 1064 1495 videre
1080 1452 1219 1501 possit:
1234 1451 1280 1486 de
1298 1459 1368 1483 suo
1382 1443 1615 1482 catechismo
1633 1437 1881 1475 absol-vendo.

471 1551 561 1594 Die
584 1558 639 1590 12
662 1541 796 1599 Maji,
819 1539 926 1582 haec
957 1531 1175 1578 Canisius
1204 1525 1342 1570 Patri
1372 1522 1548 1566 Lainez
1575 1518 1628 1560 de
1659 1515 1809 1559 reditu
1831 1512 2019 1556 Natalis

396 1609 714 1657 Vinddmnam,
738 1604 778 1644 et
794 1599 846 1642 de
863 1610 944 1640 suo
965 1593 1096 1636 illum
1119 1588 1178 1632 ad
1199 1601 1246 1630 se
1267 1581 1457 1627 vocandi
1484 1576 1708 1622 desiderio
1730 1572 2011 1632 referebat...

386 1669 610 1717 Dominus
645 1665 763 1706 bene
799 1661 947 1701 uertat
981 1654 1096 1695 haec
1116 1644 1322 1696 consilia,
1353 1648 1399 1685 et
1431 1653 1559 1684 suam
1590 1648 1773 1679 causam
1800 1632 2023 1676 aduersus

388 1732 627 1775 daemones
644 1717 1007 1781 germanienses,
1036 1716 1085 1752 ut
1115 1709 1167 1751 P.
1198 1701 1373 1749 Natalis
1395 1698 1606 1756 appellat,
1637 1699 1837 1738 tueatur.
1871 1689 2023 1733 Hodie

391 1785 754 1843 archiepiscopus
775 1771 1012 1834 pragensis
1032 1771 1123 1812 huc
1139 1763 1266 1808 uenit
1282 1760 1411 1805 breui
1428 1756 1696 1802 Tridentum
1713 1757 1949 1802 uenturus,
1970 1754 2025 1791 ut

392 1848 598 1894 arbitror.
625 1845 678 1886 P.
703 1835 878 1883 Natalis
899 1829 1125 1876 Viennam
1147 1822 1294 1874 rediit,
1321 1833 1454 1876 quem
1469 1818 1560 1859 huc
1578 1825 1831 1863 euocarem,
1856 1807 1894 1852 si
1915 1822 2021 1865 pos-

394 1923 508 1960 sem,
533 1917 625 1948 non
662 1899 876 1944 auderem
904 1898 1071 1940 tamen,
1102 1899 1160 1929 ne
1187 1881 1384 1926 rationes
1411 1870 1729 1931 collegiorum,
1754 1868 1919 1925 quibus
1946 1866 2025 1909 ille

394 1970 561 2012 bonam
596 1962 673 2004 dat
710 1967 907 2013 operam,
945 1944 1266 1994 interturbem;
1306 1946 1351 1984 et
1388 1932 1650 1994 praesertim
1687 1944 1791 1974 cum
1826 1925 2022 1971 nesciam

398 2022 612 2084 quamdiu
640 2019 698 2062 sit
718 2019 805 2059 hoc
825 2014 926 2055 loco
953 2006 1063 2051 mihi
1092 2001 1385 2047 manendum.
1417 1994 1468 2040 Si
1498 2006 1607 2037 uero
1639 1995 1762 2034 certo
1797 1990 2030 2030 constaret

398 2085 578 2131 duobus
598 2079 674 2123 hic
694 2072 927 2120 mensibus
946 2063 1227 2111 haerendum
1249 2073 1365 2111 esse,
1391 2062 1487 2098 tum
1508 2051 1678 2095 iudicet
1699 2050 1749 2092 R.
1775 2043 2034 2091 Paternitas

402 2154 480 2189 tua
502 2141 611 2198 quid
631 2135 729 2181 fieri
752 2129 960 2188 expediat
980 2123 1184 2180 magis...

493 2203 594 2258 Ipse
618 2194 835 2241 Canisius
857 2190 909 2232 de
930 2185 1078 2229 variis
1099 2181 1231 2224 rebus
1253 2177 1312 2220 ad
1339 2170 1616 2219 Germaniae
1645 2165 1936 2223 collegiorum
1957 2176 2032 2204 re-

401 2265 563 2323 gimen
590 2270 693 2301 cum
726 2250 886 2296 Natali
918 2242 1182 2303 quantocius
1215 2236 1534 2281 collocuturum
1571 2227 1755 2284 scripsit
1781 2222 1949 2267 Lainio
1979 2231 2036 2275 31

406 2321 527 2378 Majz‘
552 2318 636 2373 156
641 2327 681 2371 3.
708 2314 782 2355 En
805 2309 903 2366 ejus
925 2304 1129 2348 verbas...
1157 2300 1219 2342 Vt
1250 2292 1483 2350 expediam
1507 2287 1697 2345 primum
1721 2298 1838 2340 quae
1862 2281 2039 2324 minora

407 2387 530 2432 sunt,
555 2392 611 2423 ex
633 2369 856 2418 adiunctis
876 2363 1018 2409 literis
1039 2361 1344 2416 cognoscetur
1368 2354 1420 2395 P.
1446 2347 1654 2393 Natalem
1675 2357 1797 2387 nunc
1820 2343 2036 2396 Pragam,

408 2444 524 2486 duce
546 2434 742 2485 Christo,
766 2423 1043 2485 peruenisse.
1068 2420 1186 2463 Cum
1204 2420 1355 2459 autem
1376 2410 1495 2453 idem
1518 2405 1697 2450 redierit
1714 2403 1759 2446 in
1777 2398 2037 2450 Bauariam,

410 2513 544 2558 agam
565 2508 670 2539 cum
686 2505 740 2535 eo
761 2489 924 2531 lubens
945 2484 1000 2525 de
1023 2474 1247 2532 theologis
1263 2464 1692 2528 ingolstadiensibus
1709 2464 1723 2484 ²
1743 2459 2037 2517 quemadmo-

402 2562 520 2604 dum
537 2563 582 2601 et
604 2554 662 2597 de
682 2551 866 2594 doctore
887 2545 1055 2587 Torrez
1071 2536 1185 2596 [sic],
1205 2538 1430 2589 quatenus
1445 2541 1523 2570 eos
1541 2523 1780 2568 transferre
1797 2519 1883 2563 alio
1900 2531 2038 2573 expe-

413 2620 522 2663 diat:
543 2622 640 2658 tum
656 2611 713 2653 de
733 2603 945 2651 iuuandis
967 2601 1029 2643 M.
1050 2594 1261 2644 Martino,
1283 2593 1336 2634 P.
1356 2586 1506 2632 Dirsio
1527 2591 1571 2628 et
1593 2582 1706 2626 aliis:
1731 2585 1963 2637 praeterea
1984 2575 2044 2618 de

414 2674 607 2731 collegio
627 2663 898 2722 dillingensi.
928 2658 1130 2704 Primum
1152 2658 1304 2698 autem
1325 2645 1573 2691 visitandos
1603 2647 1713 2698 puto
1740 2643 1920 2683 nostros
1941 2636 2042 2678 Mo-

415 2734 581 2782 nachii.
601 2733 718 2787 Ego,
738 2725 776 2769 si
791 2723 854 2767 illi
870 2722 1135 2764 interessem
1155 2706 1418 2758 visitationi,
1438 2702 1639 2748 audirem
1662 2697 1831 2742 utiliter
1851 2702 1897 2739 et
1918 2694 2045 2736 vide-

417 2811 513 2841 rem
535 2809 604 2846 ea,
629 2800 746 2846 quae
768 2782 994 2838 sapienter
1014 2776 1090 2832 ille
1116 2773 1164 2815 in
1190 2766 1448 2813 visitatione
1471 2773 1690 2819 peragere
1719 2757 1835 2801 solet
1864 2756 1897 2797 ⁵.
1928 2754 2046 2796 Nam

417 2859 639 2900 hactenus
660 2860 751 2891 non
771 2840 898 2885 licuit
921 2850 1072 2881 coram
1095 2833 1267 2875 adesse.
1295 2826 1478 2869 Habere
1500 2821 1614 2864 solet
1635 2814 1970 2862 exhortationes
1992 2810 2051 2854 ad

497 3011 505 3031 ¹
557 3006 615 3041 Ex
634 3001 860 3044 archetypo,
879 2994 919 3029 in
938 2990 1067 3037 Epist.
1092 2983 1262 3024 canisii,
1282 2981 1315 3026 Ι,
1337 2978 1402 3014 116
1419 2975 1536 3018 (300³.

492 3059 506 3078 2
557 3051 658 3087 Vide
676 3047 789 3094 epist.
811 3043 893 3087 265,
914 3052 951 3074 n.
972 3047 1007 3083 93
1029 3043 1113 3080 274,
1131 3045 1169 3068 n.
1190 3038 1225 3075 73
1247 3033 1287 3064 et
1305 3024 1488 3074 append.,
1507 3020 1561 3057 XI
1580 3020 1632 3068 (a.

495 3105 509 3124 ³
559 3098 660 3135 Vide
680 3094 794 3142 epist.
816 3090 899 3134 281,
918 3100 956 3122 n.
977 3094 1012 3120 2.
