2196 3522
351 300 399 346 46
916 295 961 331 P.
989 295 1177 331 NATAL1s
1203 294 1424 330 EPHEMER.

439 402 769 445 Successerunt
807 411 922 453 quae
951 396 1089 453 paulo
1125 395 1262 454 [ante]
1299 395 1506 440 dicebam
1543 396 1602 441 de
1637 394 1909 440 lectionibus
1945 403 1995 440 et

348 477 567 522 concione
580 475 906 519 vallisoletana.
925 475 1052 518 Haec
1071 488 1211 530 quum
1225 472 1602 530 intelligeremus,
1616 487 1700 518 nos
1715 474 1990 531 prouocaui-

348 569 449 598 mus
464 553 591 596 illum
608 553 681 596 vel
698 553 755 595 ad
771 550 1125 609 disputationem
1143 551 1215 594 vel
1232 550 1289 594 ad
1306 549 1527 596 rationem
1545 549 1817 596 audiendam
1830 565 1987 597 earum

347 646 512 683 rerum,
539 628 687 689 [quae]
710 628 836 672 illum
858 629 1166 673 offendebant.
1194 627 1318 672 Nihil
1341 627 1534 683 audiuit,
1559 642 1613 672 ac
1634 643 1693 673 ne
1715 628 1986 674 auctoritate

343 709 527 765 quidem
555 706 769 764 principis
798 705 1209 764 guber78natricis
1241 707 1299 750 de
1325 719 1408 749 sua
1439 705 1734 750 oblocutione
1765 706 1977 750 decessit.

344 786 411 830 Ibi
435 788 481 829 Ρ.
507 787 542 829 F
546 784 777 828 ranciscus
800 783 895 840 egit
917 784 1039 840 apud
1061 783 1255 840 primum
1278 782 1531 840 praesidem
1553 784 1590 827 F
1592 797 1822 836 onsecam,
1846 790 1898 827 vt
1913 782 1983 826 in-

344 863 570 920 telligeret
593 877 618 905 a
641 863 784 914 Cano,
811 861 889 917 qui
910 860 995 917 ipsi
1016 868 1114 905 erat
1136 860 1382 914 familiaris,
1409 859 1621 918 primaria
1642 860 1792 918 capita
1813 875 1982 914 rerum,

343 956 462 997 quae
502 939 730 983 hominem
767 939 1075 984 offendebant.
1117 939 1440 983 Concessimus
1476 938 1523 981 in
1568 938 1691 995 ferijs
1727 938 1986 984 Simancam

342 1033 446 1062 cum
476 1016 695 1074 praeside,
729 1023 774 1060 et
803 1015 865 1059 illi
888 1015 1191 1060 satisfecimus
1219 1017 1277 1060 ad
1315 1015 1493 1073 fragilia
1526 1015 1700 1072 aliquot
1736 1015 1902 1072 capita,
1930 1022 1987 1071 ¹et

342 1094 661 1139 constituimus
688 1108 789 1138 esse
811 1094 938 1137 illum
956 1095 1134 1138 Canum
1151 1093 1497 1151 negligendum3
1519 1093 1786 1150 praesertim
1802 1107 1944 1155 quum
1971 1095 1982 1115 ¹

342 1171 682 1228 inteligeremus
720 1171 831 1214 nihil
868 1171 1050 1215 officere
1087 1170 1207 1215 illius
1244 1170 1558 1214 oblocutiones
1596 1170 1835 1226 Societati‚
1866 1170 1873 1229 Ι
1900 1170 1983 1216 sed

341 1248 488 1306 magis
511 1264 566 1293 ex
588 1248 651 1292 rei
673 1248 945 1305 indignitate
961 1255 1007 1292 et
1028 1254 1184 1292 nostra
1205 1247 1423 1304 patientia
1443 1248 1675 1304 prodesse.
1708 1248 1847 1305 Quod
1873 1262 1981 1292 sen—
2042 1304 2044 1307 .

342 1326 483 1371 tiebat
503 1326 622 1370 idem
639 1326 786 1369 bonus
809 1326 979 1379 Canus;
1005 1325 1185 1382 scripsit
1208 1325 1328 1370 enim
1351 1340 1406 1370 eo
1429 1334 1634 1382 tempore
1656 1326 1714 1370 ad
1736 1325 1979 1381 quemdam

338 1417 365 1447 e
387 1417 471 1447 suo
499 1402 673 1456 ordine,
700 1402 1036 1447 Salmanticam:
1073 1417 1203 1460 «ego,
1229 1403 1352 1458 quod
1374 1404 1461 1446 hos
1483 1402 1687 1447 diabolos
1716 1400 1866 1463 [dico];
1897 1402 1980 1448 sed

338 1480 450 1524 nihil
471 1479 673 1536 proficio:
699 1479 847 1536 magis
864 1486 1092 1532 crescunt,
1113 1487 1200 1524 etc.
1214 1497 1231 1520 »

428 1558 565 1600 Hunc
582 1556 840 1600 audiuimus
862 1556 1137 1600 dominicum
1159 1548 1320 1602 Sotum
1347 1556 1569 1602 inuitasse
1598 1557 1655 1600 ad
1683 1556 1978 1601 scribendum

336 1635 579 1678 aduersum
602 1648 700 1676 nos.
726 1633 813 1676 Cui
836 1634 947 1678 scite
970 1633 1203 1690 respondit
1232 1635 1387 1679 Sotus:
1425 1635 1590 1691 «Apud
1619 1649 1693 1679 me
1721 1634 1897 1691 (inquit)
1929 1635 1976 1678 hi

338 1714 498 1755 Patres
525 1711 642 1755 bene
679 1710 884 1764 audiunt3
921 1718 986 1764 tu,
1018 1711 1140 1767 apud
1168 1709 1334 1770 [quem]
1363 1713 1496 1765 male,
1527 1726 1609 1755 cur
1644 1726 1737 1756 non
1764 1711 1970 1756 scribis?›‚

335 1788 567 1832 Deterruit
588 1789 896 1844 prae79terea
924 1789 1101 1832 Canum
1129 1789 1313 1845 qujdam
1341 1790 1523 1846 sodaljs,
1555 1804 1696 1846 quum
1725 1789 1897 1834 diceret
1922 1804 1974 1834 se

306 1866 449 1923 ¹velle
485 1872 643 1908 contra
679 1879 761 1907 nos
798 1865 1009 1910 scribere.
1055 1867 1166 1919 «Ne,
1207 1865 1369 1921 inquit,
1402 1866 1525 1910 istud
1568 1867 1724 1920 facias,
1769 1881 1875 1911 nam
1919 1873 1969 1910 tu

332 1941 534 1985 omniurn
576 1941 786 1997 opinione
824 1956 872 1985 es
894 1942 1071 1996 doctus,
1097 1949 1330 1998 praeterea
1357 1944 1614 2001 religiosus;
1645 1943 1684 1987 si
1705 1951 1864 1988 contra
1884 1945 1971 1988 hos

333 2019 494 2062 Patres
515 2017 690 2070 scribis,
715 2018 775 2073 illj
800 2020 992 2074 prodent
1014 2026 1059 2063 et
1082 2025 1206 2062 tuam
1227 2019 1451 2064 inscitiam
1468 2036 1561 2064 non
1577 2021 1624 2064 in
1640 2020 1801 2066 litteris
1823 2022 1971 2066 solum

330 2092 428 2153 [sed
450 2094 600 2154 etiam]
622 2094 669 2138 in
691 2109 841 2138 rerum
864 2095 1162 2151 spiritualium
1186 2095 1533 2154 intelligentia.»
1682 2089 1688 2093 ’

420 2172 622 2215 Tandem
645 2172 770 2216 venit
813 2173 968 2216 Canus
990 2174 1179 2216 Romam
1195 2174 1281 2216 sub
1306 2175 1450 2218 Paulo
1467 2177 1549 2229 4⁰,
1570 2189 1711 2232 quum
1727 2175 1816 2219 iarn
1849 2184 1971 2220 esset

329 2248 555 2305 generalis
571 2249 854 2305 praepositus
877 2250 930 2292 P.
962 2250 1158 2305 Laynes,
1191 2264 1375 2294 causam
1406 2266 1534 2295 suam
1562 2258 1748 2296 acturus
1776 2235 1842 2297 de·
1861 2269 1969 2310 pro-

326 2324 574 2381 ujncialatu
592 2332 750 2369 contra
768 2327 953 2369 Petrum
971 2326 1148 2370 Sotum.
1172 2326 1295 2384 Egit,
1309 2327 1434 2371 vicit.
1466 2327 1472 2386 Ι
1501 2328 1676 2372 Habuit
1693 2344 1748 2374 eo
1765 2338 1969 2387 tempore

327 2415 478 2446 acrem
502 2416 800 2458 congressum
829 2417 931 2445 cum
960 2403 1037 2446 illo
1069 2406 1121 2447 P.
1149 2405 1330 2460 Laynes
1356 2403 1404 2448 in
1437 2406 1571 2449 domo
1607 2406 1846 2452 cardinalis
1874 2410 1966 2453 Pa-

324 2478 469 2531 checi,
496 2485 556 2531 et,
582 2493 722 2534 quum
744 2479 811 2534 suj
837 2494 1013 2536 semper
1036 2487 1155 2524 esset
1177 2480 1349 2535 similis,
1377 2481 1461 2524 fuit
1482 2484 1776 2527 vehementer
1805 2485 1963 2528 obiur-

324 2563 462 2613 gatus
490 2571 516 2599 a
537 2563 708 2599 nostro:
738 2558 858 2613 «Νη
884 2557 1178 2601 hombrezillo
1207 2565 1364 2602 contra
1392 2574 1481 2602 vna
1508 2560 1715 2618 religion!
1741 2561 1784 2606 ia
1806 2563 1820 2584 ²
1844 2566 1963 2608 seria

323 2640 424 2676 esto
463 2635 672 2676 humor.»
713 2632 831 2678 Dein
864 2641 1105 2690 antequam
1144 2636 1287 2678 Roma
1329 2637 1591 2692 excederet,
1630 2653 1738 2695 prae
1775 2655 1825 2684 se
1858 2640 1962 2684 tulit

324 2709 471 2754 redire
499 2709 546 2752 in
573 2709 765 2766 gratiam
795 2712 847 2753 P.
885 2711 1066 2767 Laynis.
1098 2711 1314 2755 Inuitauit
1343 2713 1463 2757 enim
1493 2714 1619 2758 illum
1646 2730 1727 2772 per
1762 2716 1959 2761 aulicum

323 2788 564 2842 quemdam
589 2788 886 2840 Aluaradum,
910 2794 960 2830 vt
983 2789 1039 2831 ad
1056 2802 1105 2831 se
1126 2789 1303 2834 veniret
1330 2790 1451 2847 prior
1475 2794 1526 2835 P.
1560 2793 1756 2849 Laynes;
1789 2795 1885 2838 fore
1910 2801 1962 2837 vt

324 2877 397 2907 res
425 2878 582 2907 omnes
622 2864 741 2907 bona
784 2878 888 2907 cum
923 2864 1070 2921 gratia
1103 2875 1498 2922 componerentur.
1532 2869 1738 2913 offendit
1776 2872 1960 2915 Patrem

321 2939 398 2983 illa
420 2940 726 2996 prophanitas:
753 2941 838 2984 80
859 2942 1004 2985 noluit
1025 2942 1104 2986 ire.
1137 2943 1358 2988 Discessit
1386 2946 1541 2990 Canus
1562 2947 1853 3000 Florentiam,
1879 2947 1958 2990 vbi

396 3049 406 3068 ¹
458 3047 555 3094 Ms.,
574 3060 697 3094 quum
717 3061 857 3094 quum.

392 3109 405 3128 ¹
456 3107 548 3153 Ms.,
567 3109 666 3144 iam.
