<?xml version="1.0" encoding="UTF-8"?>
<!DOCTYPE html PUBLIC "-//W3C//DTD XHTML 1.0 Transitional//EN"
    "http://www.w3.org/TR/xhtml1/DTD/xhtml1-transitional.dtd">
<html xmlns="http://www.w3.org/1999/xhtml" xml:lang="en" lang="en">
 <head>
  <title>
</title>
<meta http-equiv="Content-Type" content="text/html;charset=utf-8" />
  <meta name='ocr-system' content='tesseract 3.04.00' />
  <meta name='ocr-capabilities' content='ocr_page ocr_carea ocr_par ocr_line ocrx_word'/>
</head>
<body>
  <div class='ocr_page' id='page_1' title='image "./epistolaephieron02nadauoft_0651.png"; bbox 0 0 2196 3522; ppageno 0'>
   <div class='ocr_carea' id='block_1_1' title="bbox 0 1045 20 1524">
    <p class='ocr_par' dir='ltr' id='par_1_1' title="bbox 0 1045 20 1524">
     <span class='ocr_line' id='line_1_1' title="bbox 0 1045 20 1524; textangle 90"><span class='ocrx_word' id='word_1_1' title='bbox 0 1115 20 1524; x_wconf 47' lang='lat' dir='ltr'><strong>;&#39;*=qu-7u=u--mwrs</strong></span> <span class='ocrx_word' id='word_1_2' title='bbox 14 1074 18 1078; x_wconf 88' lang='lat'>.</span> <span class='ocrx_word' id='word_1_3' title='bbox 0 1045 3 1049; x_wconf 70' lang='lat'>¹</span> 
     </span>
    </p>
   </div>
   <div class='ocr_carea' id='block_1_2' title="bbox 0 3059 44 3522">
    <p class='ocr_par' dir='ltr' id='par_1_2' title="bbox 0 3059 44 3522">
     <span class='ocr_line' id='line_1_2' title="bbox 0 3059 44 3522; baseline 0 0"><span class='ocrx_word' id='word_1_4' title='bbox 0 3059 44 3522; x_wconf 95' lang='lat' dir='ltr'><strong> </strong></span> 
     </span>
    </p>
   </div>
   <div class='ocr_carea' id='block_1_3' title="bbox 923 200 1848 269">
    <p class='ocr_par' dir='ltr' id='par_1_3' title="bbox 923 200 1848 269">
     <span class='ocr_line' id='line_1_3' title="bbox 923 200 1848 269; baseline -0.002 -6"><span class='ocrx_word' id='word_1_5' title='bbox 923 226 1146 265; x_wconf 70' lang='lat' dir='ltr'><strong>Appssnmx</strong></span> <span class='ocrx_word' id='word_1_6' title='bbox 1396 200 1403 208; x_wconf 39' lang='lat'>³</span> <span class='ocrx_word' id='word_1_7' title='bbox 1776 223 1848 269; x_wconf 82' lang='lat'><strong>625</strong></span> 
     </span>
    </p>
   </div>
   <div class='ocr_carea' id='block_1_4' title="bbox 210 324 1850 739">
    <p class='ocr_par' dir='ltr' id='par_1_4' title="bbox 210 324 1849 433">
     <span class='ocr_line' id='line_1_4' title="bbox 210 324 1849 385; baseline -0.003 -12"><span class='ocrx_word' id='word_1_8' title='bbox 210 335 394 373; x_wconf 88' lang='lat' dir='ltr'><strong>nostros</strong></span> <span class='ocrx_word' id='word_1_9' title='bbox 416 328 547 372; x_wconf 90' lang='lat' dir='ltr'><strong>ualde</strong></span> <span class='ocrx_word' id='word_1_10' title='bbox 568 329 795 385; x_wconf 86' lang='lat' dir='ltr'><strong>probatas,</strong></span> <span class='ocrx_word' id='word_1_11' title='bbox 818 328 865 372; x_wconf 92' lang='lat' dir='ltr'><strong>in</strong></span> <span class='ocrx_word' id='word_1_12' title='bbox 881 328 1048 385; x_wconf 92' lang='lat' dir='ltr'><strong>quibus</strong></span> <span class='ocrx_word' id='word_1_13' title='bbox 1068 333 1221 371; x_wconf 85' lang='lat' dir='ltr'><strong>narrat</strong></span> <span class='ocrx_word' id='word_1_14' title='bbox 1250 333 1297 372; x_wconf 88' lang='lat' dir='ltr'><strong>et</strong></span> <span class='ocrx_word' id='word_1_15' title='bbox 1317 326 1513 384; x_wconf 89' lang='lat' dir='ltr'><strong>explicat</strong></span> <span class='ocrx_word' id='word_1_16' title='bbox 1533 324 1767 370; x_wconf 87' lang='lat' dir='ltr'><strong>historiam</strong></span> <span class='ocrx_word' id='word_1_17' title='bbox 1795 338 1849 369; x_wconf 90' lang='lat' dir='ltr'><strong>ac</strong></span> 
     </span>
     <span class='ocr_line' id='line_1_5' title="bbox 211 387 753 433; baseline 0 -2"><span class='ocrx_word' id='word_1_18' title='bbox 211 387 474 432; x_wconf 85' lang='lat' dir='ltr'><strong>institutum</strong></span> <span class='ocrx_word' id='word_1_19' title='bbox 496 388 753 433; x_wconf 85' lang='lat' dir='ltr'><strong>Societatis.</strong></span> 
     </span>
    </p>

    <p class='ocr_par' dir='ltr' id='par_1_5' title="bbox 211 443 1850 739">
     <span class='ocr_line' id='line_1_6' title="bbox 391 443 1849 504; baseline -0.002 -13.16"><span class='ocrx_word' id='word_1_20' title='bbox 391 449 491 504; x_wconf 86' lang='lat' dir='ltr'><strong>Ego</strong></span> <span class='ocrx_word' id='word_1_21' title='bbox 519 446 635 492; x_wconf 90' lang='lat' dir='ltr'><strong>inter</strong></span> <span class='ocrx_word' id='word_1_22' title='bbox 663 449 747 491; x_wconf 92' lang='lat' dir='ltr'><strong>hos</strong></span> <span class='ocrx_word' id='word_1_23' title='bbox 782 448 948 490; x_wconf 87' lang='lat' dir='ltr'><strong>fluctus</strong></span> <span class='ocrx_word' id='word_1_24' title='bbox 980 453 1026 491; x_wconf 90' lang='lat' dir='ltr'><strong>et</strong></span> <span class='ocrx_word' id='word_1_25' title='bbox 1055 452 1220 489; x_wconf 88' lang='lat' dir='ltr'><strong>ventos</strong></span> <span class='ocrx_word' id='word_1_26' title='bbox 1250 446 1366 490; x_wconf 89' lang='lat' dir='ltr'><strong>male</strong></span> <span class='ocrx_word' id='word_1_27' title='bbox 1394 444 1581 502; x_wconf 86' lang='lat' dir='ltr'><strong>nauigo,</strong></span> <span class='ocrx_word' id='word_1_28' title='bbox 1606 443 1849 499; x_wconf 91' lang='lat' dir='ltr'><strong>minusque</strong></span> 
     </span>
     <span class='ocr_line' id='line_1_7' title="bbox 211 503 1849 560; baseline -0.002 -11"><span class='ocrx_word' id='word_1_29' title='bbox 211 505 355 549; x_wconf 79' lang='lat' dir='ltr'><strong>animi</strong></span> <span class='ocrx_word' id='word_1_30' title='bbox 392 505 538 550; x_wconf 90' lang='lat' dir='ltr'><strong>sentio</strong></span> <span class='ocrx_word' id='word_1_31' title='bbox 566 508 622 550; x_wconf 88' lang='lat' dir='ltr'><strong>ad</strong></span> <span class='ocrx_word' id='word_1_32' title='bbox 649 506 973 551; x_wconf 83' lang='lat' dir='ltr'><strong>catechismum</strong></span> <span class='ocrx_word' id='word_1_33' title='bbox 1002 506 1345 549; x_wconf 89' lang='lat' dir='ltr'><strong>absoluendum.</strong></span> <span class='ocrx_word' id='word_1_34' title='bbox 1377 503 1583 547; x_wconf 88' lang='lat' dir='ltr'><strong>Tridenti</strong></span> <span class='ocrx_word' id='word_1_35' title='bbox 1610 504 1727 547; x_wconf 89' lang='lat' dir='ltr'><strong>forte</strong></span> <span class='ocrx_word' id='word_1_36' title='bbox 1747 504 1849 560; x_wconf 91' lang='lat' dir='ltr'><strong>plus</strong></span> 
     </span>
     <span class='ocr_line' id='line_1_8' title="bbox 217 562 1850 622; baseline -0.002 -13"><span class='ocrx_word' id='word_1_37' title='bbox 217 565 487 618; x_wconf 89' lang='lat' dir='ltr'><strong>efficeretur,</strong></span> <span class='ocrx_word' id='word_1_38' title='bbox 513 572 592 608; x_wconf 89' lang='lat' dir='ltr'><strong>aut</strong></span> <span class='ocrx_word' id='word_1_39' title='bbox 623 567 744 622; x_wconf 88' lang='lat' dir='ltr'><strong>apud</strong></span> <span class='ocrx_word' id='word_1_40' title='bbox 772 567 826 609; x_wconf 91' lang='lat' dir='ltr'><strong>P.</strong></span> <span class='ocrx_word' id='word_1_41' title='bbox 857 565 1065 609; x_wconf 85' lang='lat' dir='ltr'><strong>Natalem</strong></span> <span class='ocrx_word' id='word_1_42' title='bbox 1093 566 1178 608; x_wconf 92' lang='lat' dir='ltr'><strong>hoc</strong></span> <span class='ocrx_word' id='word_1_43' title='bbox 1206 578 1343 620; x_wconf 90' lang='lat' dir='ltr'><strong>opere</strong></span> <span class='ocrx_word' id='word_1_44' title='bbox 1369 563 1656 606; x_wconf 89' lang='lat' dir='ltr'><strong>conficiundo</strong></span> <span class='ocrx_word' id='word_1_45' title='bbox 1688 564 1721 605; x_wconf 86' lang='lat'><strong>¹.</strong></span> <span class='ocrx_word' id='word_1_46' title='bbox 1758 562 1850 607; x_wconf 90' lang='lat' dir='ltr'><strong>Sed</strong></span> 
     </span>
     <span class='ocr_line' id='line_1_9' title="bbox 213 621 1850 680; baseline -0.002 -12"><span class='ocrx_word' id='word_1_47' title='bbox 213 639 382 680; x_wconf 60' lang='lat' dir='ltr'><strong>‘parum</strong></span> <span class='ocrx_word' id='word_1_48' title='bbox 400 625 538 669; x_wconf 81' lang='lat' dir='ltr'><strong>refert</strong></span> <span class='ocrx_word' id='word_1_49' title='bbox 560 625 668 680; x_wconf 89' lang='lat' dir='ltr'><strong>quid</strong></span> <span class='ocrx_word' id='word_1_50' title='bbox 704 625 810 668; x_wconf 92' lang='lat' dir='ltr'><strong>huic</strong></span> <span class='ocrx_word' id='word_1_51' title='bbox 846 624 960 668; x_wconf 86' lang='lat' dir='ltr'><strong>libro</strong></span> <span class='ocrx_word' id='word_1_52' title='bbox 997 623 1195 678; x_wconf 88' lang='lat' dir='ltr'><strong>eueniat,</strong></span> <span class='ocrx_word' id='word_1_53' title='bbox 1226 623 1364 666; x_wconf 93' lang='lat' dir='ltr'><strong>modo</strong></span> <span class='ocrx_word' id='word_1_54' title='bbox 1393 623 1519 666; x_wconf 88' lang='lat' dir='ltr'><strong>salua</strong></span> <span class='ocrx_word' id='word_1_55' title='bbox 1540 621 1599 665; x_wconf 92' lang='lat' dir='ltr'><strong>sit</strong></span> <span class='ocrx_word' id='word_1_56' title='bbox 1620 621 1850 665; x_wconf 82' lang='lat' dir='ltr'><strong>Ecclesiae</strong></span> 
     </span>
     <span class='ocr_line' id='line_1_10' title="bbox 214 683 723 739; baseline 0.002 -12"><span class='ocrx_word' id='word_1_57' title='bbox 214 683 474 739; x_wconf 82' lang='lat' dir='ltr'><strong>synodique</strong></span> <span class='ocrx_word' id='word_1_58' title='bbox 495 698 632 728; x_wconf 85' lang='lat' dir='ltr'><strong>causa</strong></span> <span class='ocrx_word' id='word_1_59' title='bbox 653 685 723 727; x_wconf 81' lang='lat'><strong>²...</strong></span> 
     </span>
    </p>
   </div>
   <div class='ocr_carea' id='block_1_5' title="bbox 589 843 1478 1246">
    <p class='ocr_par' dir='ltr' id='par_1_6' title="bbox 589 843 1478 1246">
     <span class='ocr_line' id='line_1_11' title="bbox 956 843 1114 899; baseline -0.006 -13"><span class='ocrx_word' id='word_1_60' title='bbox 956 843 1044 886; x_wconf 94' lang='lat' dir='ltr'><strong>XV</strong></span> <span class='ocrx_word' id='word_1_61' title='bbox 1076 843 1114 899; x_wconf 92' lang='lat' dir='ltr'><strong>(c</strong></span> 
     </span>
     <span class='ocr_line' id='line_1_12' title="bbox 757 940 1308 979; baseline -0.002 -1"><span class='ocrx_word' id='word_1_62' title='bbox 757 944 802 978; x_wconf 93' lang='lat' dir='ltr'><strong>B.</strong></span> <span class='ocrx_word' id='word_1_63' title='bbox 830 941 1034 979; x_wconf 90' lang='lat' dir='ltr'>PETRUS</span> <span class='ocrx_word' id='word_1_64' title='bbox 1060 940 1308 978; x_wconf 90' lang='lat' dir='ltr'><strong>CANISIUS</strong></span> 
     </span>
     <span class='ocr_line' id='line_1_13' title="bbox 589 1033 1478 1065; baseline -0.002 0"><span class='ocrx_word' id='word_1_65' title='bbox 589 1034 731 1065; x_wconf 88' lang='lat' dir='ltr'>PATRI</span> <span class='ocrx_word' id='word_1_66' title='bbox 779 1033 1151 1065; x_wconf 85' lang='lat' dir='ltr'>CHRISTOPHORO</span> <span class='ocrx_word' id='word_1_67' title='bbox 1191 1033 1255 1064; x_wconf 82' lang='lat' dir='ltr'><strong>DE</strong></span> <span class='ocrx_word' id='word_1_68' title='bbox 1293 1033 1478 1063; x_wconf 87' lang='lat' dir='ltr'><strong>MADRID</strong></span> 
     </span>
     <span class='ocr_line' id='line_1_14' title="bbox 691 1107 1440 1166; baseline -0.004 -12"><span class='ocrx_word' id='word_1_69' title='bbox 691 1109 965 1165; x_wconf 87' lang='lat' dir='ltr'><strong>Oeniponte‚</strong></span> <span class='ocrx_word' id='word_1_70' title='bbox 996 1120 1046 1163; x_wconf 92' lang='lat'><strong>17</strong></span> <span class='ocrx_word' id='word_1_71' title='bbox 1063 1107 1188 1166; x_wconf 90' lang='lat' dir='ltr'><strong>Junii</strong></span> <span class='ocrx_word' id='word_1_72' title='bbox 1211 1109 1320 1163; x_wconf 85' lang='lat'>1563</span> <span class='ocrx_word' id='word_1_73' title='bbox 1339 1109 1372 1155; x_wconf 77' lang='lat'><strong>³.</strong></span> <span class='ocrx_word' id='word_1_74' title='bbox 1436 1143 1440 1145; x_wconf 13' lang='grc' dir='ltr'>μ</span> 
     </span>
     <span class='ocr_line' id='line_1_15' title="bbox 789 1197 1280 1246; baseline -0.004 -12"><span class='ocrx_word' id='word_1_75' title='bbox 789 1198 850 1234; x_wconf 84' lang='lat' dir='ltr'><strong>De</strong></span> <span class='ocrx_word' id='word_1_76' title='bbox 867 1198 1034 1245; x_wconf 83' lang='lat' dir='ltr'><strong>collegio</strong></span> <span class='ocrx_word' id='word_1_77' title='bbox 1051 1197 1280 1246; x_wconf 84' lang='lat' dir='ltr'><strong>dilingano.</strong></span> 
     </span>
    </p>
   </div>
   <div class='ocr_carea' id='block_1_6' title="bbox 212 1273 1848 1570">
    <p class='ocr_par' dir='ltr' id='par_1_7' title="bbox 212 1273 1848 1570">
     <span class='ocr_line' id='line_1_16' title="bbox 386 1273 1848 1332; baseline -0.001 -15.048"><span class='ocrx_word' id='word_1_78' title='bbox 386 1277 532 1320; x_wconf 91' lang='lat' dir='ltr'><strong>Recte·</strong></span> <span class='ocrx_word' id='word_1_79' title='bbox 549 1275 682 1320; x_wconf 89' lang='lat' dir='ltr'><strong>faciet</strong></span> <span class='ocrx_word' id='word_1_80' title='bbox 709 1274 948 1332; x_wconf 76' lang='lat' dir='ltr'><strong>cardinalis</strong></span> <span class='ocrx_word' id='word_1_81' title='bbox 975 1281 1276 1331; x_wconf 81' lang='lat' dir='ltr'><strong>augustanus,</strong></span> <span class='ocrx_word' id='word_1_82' title='bbox 1301 1274 1339 1317; x_wconf 92' lang='lat' dir='ltr'><strong>si</strong></span> <span class='ocrx_word' id='word_1_83' title='bbox 1360 1273 1547 1317; x_wconf 88' lang='lat' dir='ltr'><strong>consilia</strong></span> <span class='ocrx_word' id='word_1_84' title='bbox 1569 1288 1652 1317; x_wconf 91' lang='lat' dir='ltr'><strong>sua</strong></span> <span class='ocrx_word' id='word_1_85' title='bbox 1674 1274 1731 1318; x_wconf 92' lang='lat' dir='ltr'><strong>de</strong></span> <span class='ocrx_word' id='word_1_86' title='bbox 1752 1274 1848 1317; x_wconf 90' lang='lat' dir='ltr'><strong>col-</strong></span> 
     </span>
     <span class='ocr_line' id='line_1_17' title="bbox 212 1332 1846 1391; baseline 0 -15"><span class='ocrx_word' id='word_1_87' title='bbox 212 1333 338 1390; x_wconf 85' lang='lat' dir='ltr'><strong>legio</strong></span> <span class='ocrx_word' id='word_1_88' title='bbox 359 1334 616 1391; x_wconf 84' lang='lat' dir='ltr'><strong>dillingensi</strong></span> <span class='ocrx_word' id='word_1_89' title='bbox 639 1334 954 1378; x_wconf 87' lang='lat' dir='ltr'><strong>constituendo</strong></span> <span class='ocrx_word' id='word_1_90' title='bbox 977 1334 1115 1378; x_wconf 85' lang='lat' dir='ltr'><strong>semel</strong></span> <span class='ocrx_word' id='word_1_91' title='bbox 1137 1334 1363 1378; x_wconf 87' lang='lat' dir='ltr'><strong>absoluat.</strong></span> <span class='ocrx_word' id='word_1_92' title='bbox 1390 1335 1506 1377; x_wconf 90' lang='lat' dir='ltr'><strong>Nam</strong></span> <span class='ocrx_word' id='word_1_93' title='bbox 1525 1332 1846 1389; x_wconf 89' lang='lat' dir='ltr'><strong>tempestiuum</strong></span> 
     </span>
     <span class='ocr_line' id='line_1_18' title="bbox 214 1391 1847 1450; baseline -0.001 -14"><span class='ocrx_word' id='word_1_94' title='bbox 214 1393 351 1437; x_wconf 89' lang='lat' dir='ltr'><strong>modo</strong></span> <span class='ocrx_word' id='word_1_95' title='bbox 374 1394 550 1438; x_wconf 91' lang='lat' dir='ltr'><strong>videtur</strong></span> <span class='ocrx_word' id='word_1_96' title='bbox 573 1409 689 1450; x_wconf 88' lang='lat' dir='ltr'><strong>quae</strong></span> <span class='ocrx_word' id='word_1_97' title='bbox 712 1393 915 1438; x_wconf 89' lang='lat' dir='ltr'><strong>uenturis</strong></span> <span class='ocrx_word' id='word_1_98' title='bbox 942 1401 1077 1438; x_wconf 83' lang='lat' dir='ltr'><strong>erunt</strong></span> <span class='ocrx_word' id='word_1_99' title='bbox 1103 1392 1317 1437; x_wconf 86' lang='lat' dir='ltr'><strong>fratribus</strong></span> <span class='ocrx_word' id='word_1_100' title='bbox 1345 1392 1600 1437; x_wconf 82' lang='lat' dir='ltr'><strong>necessaria</strong></span> <span class='ocrx_word' id='word_1_101' title='bbox 1626 1391 1771 1437; x_wconf 76' lang='lat' dir='ltr'><strong>coemi</strong></span> <span class='ocrx_word' id='word_1_102' title='bbox 1794 1406 1847 1435; x_wconf 90' lang='lat' dir='ltr'><strong>ac</strong></span> 
     </span>
     <span class='ocr_line' id='line_1_19' title="bbox 213 1452 1845 1510; baseline -0.001 -15"><span class='ocrx_word' id='word_1_103' title='bbox 213 1453 487 1510; x_wconf 87' lang='lat' dir='ltr'><strong>praeparari,</strong></span> <span class='ocrx_word' id='word_1_104' title='bbox 526 1453 747 1509; x_wconf 88' lang='lat' dir='ltr'><strong>siquidem</strong></span> <span class='ocrx_word' id='word_1_105' title='bbox 781 1453 843 1496; x_wconf 92' lang='lat' dir='ltr'><strong>illi</strong></span> <span class='ocrx_word' id='word_1_106' title='bbox 871 1460 978 1498; x_wconf 91' lang='lat' dir='ltr'><strong>ante</strong></span> <span class='ocrx_word' id='word_1_107' title='bbox 1004 1454 1213 1509; x_wconf 90' lang='lat' dir='ltr'><strong>hyemem</strong></span> <span class='ocrx_word' id='word_1_108' title='bbox 1250 1452 1612 1509; x_wconf 87' lang='lat' dir='ltr'><strong>proficiscentur.</strong></span> <span class='ocrx_word' id='word_1_109' title='bbox 1650 1453 1720 1495; x_wconf 93' lang='lat' dir='ltr'><strong>Ac</strong></span> <span class='ocrx_word' id='word_1_110' title='bbox 1749 1459 1845 1495; x_wconf 92' lang='lat' dir='ltr'><strong>tum</strong></span> 
     </span>
     <span class='ocr_line' id='line_1_20' title="bbox 212 1511 1842 1570; baseline -0.001 -15"><span class='ocrx_word' id='word_1_111' title='bbox 212 1526 331 1568; x_wconf 87' lang='lat' dir='ltr'><strong>opus</strong></span> <span class='ocrx_word' id='word_1_112' title='bbox 353 1512 437 1556; x_wconf 91' lang='lat' dir='ltr'><strong>erit</strong></span> <span class='ocrx_word' id='word_1_113' title='bbox 458 1512 503 1556; x_wconf 92' lang='lat' dir='ltr'><strong>in</strong></span> <span class='ocrx_word' id='word_1_114' title='bbox 526 1512 679 1569; x_wconf 88' lang='lat' dir='ltr'><strong>primis</strong></span> <span class='ocrx_word' id='word_1_115' title='bbox 699 1512 953 1570; x_wconf 85' lang='lat' dir='ltr'><strong>praesentia</strong></span> <span class='ocrx_word' id='word_1_116' title='bbox 975 1514 1028 1556; x_wconf 91' lang='lat' dir='ltr'><strong>P.</strong></span> <span class='ocrx_word' id='word_1_117' title='bbox 1054 1511 1244 1566; x_wconf 88' lang='lat' dir='ltr'><strong>Natalis,</strong></span> <span class='ocrx_word' id='word_1_118' title='bbox 1270 1519 1321 1555; x_wconf 89' lang='lat' dir='ltr'><strong>ut</strong></span> <span class='ocrx_word' id='word_1_119' title='bbox 1341 1511 1451 1555; x_wconf 89' lang='lat' dir='ltr'><strong>mihi</strong></span> <span class='ocrx_word' id='word_1_120' title='bbox 1473 1526 1581 1555; x_wconf 89' lang='lat' dir='ltr'><strong>sane</strong></span> <span class='ocrx_word' id='word_1_121' title='bbox 1608 1511 1842 1556; x_wconf 86' lang='lat' dir='ltr'><strong>videtur...</strong></span> 
     </span>
    </p>
   </div>
   <div class='ocr_carea' id='block_1_7' title="bbox 684 1679 1372 1921">
    <p class='ocr_par' dir='ltr' id='par_1_8' title="bbox 684 1679 1372 1921">
     <span class='ocr_line' id='line_1_21' title="bbox 939 1679 1122 1736; baseline 0 -14"><span class='ocrx_word' id='word_1_122' title='bbox 939 1679 1047 1723; x_wconf 87' lang='lat' dir='ltr'><strong>XVI</strong></span> <span class='ocrx_word' id='word_1_123' title='bbox 1080 1679 1122 1736; x_wconf 84' lang='lat' dir='ltr'><strong>&lt;a</strong></span> 
     </span>
     <span class='ocr_line' id='line_1_22' title="bbox 1015 1779 1046 1819; baseline 0 0"><span class='ocrx_word' id='word_1_124' title='bbox 1015 1779 1046 1819; x_wconf 85' lang='grc' dir='ltr'>ι</span> 
     </span>
     <span class='ocr_line' id='line_1_23' title="bbox 684 1872 1372 1921; baseline 0.001 -11"><span class='ocrx_word' id='word_1_125' title='bbox 684 1874 727 1910; x_wconf 86' lang='grc' dir='ltr'><strong>Ρ.</strong></span> <span class='ocrx_word' id='word_1_126' title='bbox 756 1874 995 1921; x_wconf 87' lang='lat' dir='ltr'>JOANNES</span> <span class='ocrx_word' id='word_1_127' title='bbox 1021 1874 1093 1910; x_wconf 86' lang='lat' dir='ltr'><strong>DE</strong></span> <span class='ocrx_word' id='word_1_128' title='bbox 1118 1872 1372 1912; x_wconf 87' lang='lat' dir='ltr'>POLANCO</span> 
     </span>
    </p>
   </div>
   <div class='ocr_carea' id='block_1_8' title="bbox 434 1951 1619 2254">
    <p class='ocr_par' dir='ltr' id='par_1_9' title="bbox 434 1951 1619 2254">
     <span class='ocr_line' id='line_1_24' title="bbox 858 1951 1197 1988; baseline 0 -1"><span class='ocrx_word' id='word_1_129' title='bbox 858 1963 907 1987; x_wconf 86' lang='lat' dir='ltr'><strong>ex</strong></span> <span class='ocrx_word' id='word_1_130' title='bbox 924 1951 1197 1988; x_wconf 86' lang='lat' dir='ltr'><strong>commissione</strong></span> 
     </span>
     <span class='ocr_line' id='line_1_25' title="bbox 602 2041 1459 2073; baseline -0.002 0"><span class='ocrx_word' id='word_1_131' title='bbox 602 2043 743 2073; x_wconf 88' lang='lat' dir='ltr'>PATRI</span> <span class='ocrx_word' id='word_1_132' title='bbox 775 2042 1147 2073; x_wconf 90' lang='lat' dir='ltr'>CHRISTOPHORO</span> <span class='ocrx_word' id='word_1_133' title='bbox 1178 2042 1242 2073; x_wconf 91' lang='lat' dir='ltr'><strong>DE</strong></span> <span class='ocrx_word' id='word_1_134' title='bbox 1274 2041 1459 2072; x_wconf 83' lang='lat' dir='ltr'><strong>MADRID</strong></span> 
     </span>
     <span class='ocr_line' id='line_1_26' title="bbox 690 2117 1370 2176; baseline -0.003 -15"><span class='ocrx_word' id='word_1_135' title='bbox 690 2117 911 2171; x_wconf 89' lang='lat' dir='ltr'><strong>Tridenti,</strong></span> <span class='ocrx_word' id='word_1_136' title='bbox 949 2117 1153 2176; x_wconf 89' lang='lat' dir='ltr'><strong>·17Junii</strong></span> <span class='ocrx_word' id='word_1_137' title='bbox 1190 2118 1300 2173; x_wconf 89' lang='lat'>1563</span> <span class='ocrx_word' id='word_1_138' title='bbox 1334 2117 1370 2159; x_wconf 78' lang='lat'><strong>⁴.</strong></span> 
     </span>
     <span class='ocr_line' id='line_1_27' title="bbox 434 2205 1619 2254; baseline -0.003 -11"><span class='ocrx_word' id='word_1_139' title='bbox 434 2208 496 2243; x_wconf 80' lang='lat' dir='ltr'><strong>De</strong></span> <span class='ocrx_word' id='word_1_140' title='bbox 522 2207 725 2243; x_wconf 80' lang='lat' dir='ltr'><strong>Vincentio</strong></span> <span class='ocrx_word' id='word_1_141' title='bbox 746 2206 915 2254; x_wconf 82' lang='lat' dir='ltr'><strong>Laureo,</strong></span> <span class='ocrx_word' id='word_1_142' title='bbox 934 2207 1083 2243; x_wconf 84' lang='lat' dir='ltr'><strong>medico</strong></span> <span class='ocrx_word' id='word_1_143' title='bbox 1099 2207 1324 2243; x_wconf 81' lang='lat' dir='ltr'><strong>cardinalis</strong></span> <span class='ocrx_word' id='word_1_144' title='bbox 1333 2205 1619 2253; x_wconf 83' lang='lat' dir='ltr'><strong>ferrariensis.</strong></span> 
     </span>
    </p>
   </div>
   <div class='ocr_carea' id='block_1_9' title="bbox 213 2281 1846 2636">
    <p class='ocr_par' dir='ltr' id='par_1_10' title="bbox 213 2281 1846 2636">
     <span class='ocr_line' id='line_1_28' title="bbox 307 2281 1842 2341; baseline -0.002 -14"><span class='ocrx_word' id='word_1_145' title='bbox 307 2285 502 2341; x_wconf 77' lang='lat' dir='ltr'><strong>Quando</strong></span> <span class='ocrx_word' id='word_1_146' title='bbox 525 2285 567 2329; x_wconf 92' lang='lat' dir='ltr'><strong>el</strong></span> <span class='ocrx_word' id='word_1_147' title='bbox 588 2284 796 2328; x_wconf 87' lang='lat' dir='ltr'><strong>cardenal</strong></span> <span class='ocrx_word' id='word_1_148' title='bbox 816 2284 874 2328; x_wconf 92' lang='lat' dir='ltr'><strong>de</strong></span> <span class='ocrx_word' id='word_1_149' title='bbox 894 2285 930 2328; x_wconf 93' lang='lat' dir='ltr'>F</span> <span class='ocrx_word' id='word_1_150' title='bbox 933 2299 1082 2329; x_wconf 86' lang='lat' dir='ltr'><strong>errara</strong></span> <span class='ocrx_word' id='word_1_151' title='bbox 1096 2284 1248 2341; x_wconf 86' lang='lat' dir='ltr'><strong>llegue</strong></span> <span class='ocrx_word' id='word_1_152' title='bbox 1265 2287 1291 2327; x_wconf 75' lang='lat' dir='ltr'><strong>a</strong></span> <span class='ocrx_word' id='word_1_153' title='bbox 1307 2285 1467 2336; x_wconf 88' lang='lat' dir='ltr'><strong>Roma,</strong></span> <span class='ocrx_word' id='word_1_154' title='bbox 1487 2284 1548 2327; x_wconf 92' lang='lat' dir='ltr'><strong>V.</strong></span> <span class='ocrx_word' id='word_1_155' title='bbox 1577 2284 1635 2326; x_wconf 88' lang='lat' dir='ltr'><strong>R.</strong></span> <span class='ocrx_word' id='word_1_156' title='bbox 1662 2281 1842 2325; x_wconf 87' lang='lat' dir='ltr'><strong>aduier-</strong></span> 
     </span>
     <span class='ocr_line' id='line_1_29' title="bbox 217 2341 1845 2400; baseline -0.003 -13"><span class='ocrx_word' id='word_1_157' title='bbox 217 2352 281 2397; x_wconf 89' lang='lat' dir='ltr'><strong>ta,</strong></span> <span class='ocrx_word' id='word_1_158' title='bbox 306 2358 394 2400; x_wconf 90' lang='lat' dir='ltr'><strong>que</strong></span> <span class='ocrx_word' id='word_1_159' title='bbox 415 2348 441 2387; x_wconf 77' lang='lat' dir='ltr'><strong>a</strong></span> <span class='ocrx_word' id='word_1_160' title='bbox 473 2346 538 2388; x_wconf 92' lang='lat' dir='ltr'><strong>M.</strong></span> <span class='ocrx_word' id='word_1_161' title='bbox 572 2343 804 2388; x_wconf 88' lang='lat' dir='ltr'><strong>Vincenzo</strong></span> <span class='ocrx_word' id='word_1_162' title='bbox 834 2344 1027 2396; x_wconf 78' lang='lat' dir='ltr'><strong>Laureo,</strong></span> <span class='ocrx_word' id='word_1_163' title='bbox 1050 2343 1226 2387; x_wconf 81' lang='lat' dir='ltr'><strong>medico</strong></span> <span class='ocrx_word' id='word_1_164' title='bbox 1257 2357 1388 2399; x_wconf 92' lang='lat' dir='ltr'><strong>suyo,</strong></span> <span class='ocrx_word' id='word_1_165' title='bbox 1410 2357 1498 2398; x_wconf 90' lang='lat' dir='ltr'><strong>que</strong></span> <span class='ocrx_word' id='word_1_166' title='bbox 1518 2357 1576 2398; x_wconf 90' lang='lat' dir='ltr'><strong>ya</strong></span> <span class='ocrx_word' id='word_1_167' title='bbox 1598 2342 1641 2384; x_wconf 96' lang='grc'><strong>10</strong></span> <span class='ocrx_word' id='word_1_168' title='bbox 1664 2341 1740 2383; x_wconf 81' lang='lat' dir='ltr'><strong>fue</strong></span> <span class='ocrx_word' id='word_1_169' title='bbox 1771 2341 1845 2384; x_wconf 93' lang='lat' dir='ltr'><strong>del</strong></span> 
     </span>
     <span class='ocr_line' id='line_1_30' title="bbox 217 2400 1844 2457; baseline -0.003 -11"><span class='ocrx_word' id='word_1_170' title='bbox 217 2404 428 2446; x_wconf 85' lang='lat' dir='ltr'><strong>cardenal</strong></span> <span class='ocrx_word' id='word_1_171' title='bbox 450 2404 648 2455; x_wconf 83' lang='lat' dir='ltr'><strong>Tornon,</strong></span> <span class='ocrx_word' id='word_1_172' title='bbox 673 2403 730 2445; x_wconf 90' lang='lat' dir='ltr'><strong>de</strong></span> <span class='ocrx_word' id='word_1_173' title='bbox 750 2403 900 2446; x_wconf 89' lang='lat' dir='ltr'><strong>buena</strong></span> <span class='ocrx_word' id='word_1_174' title='bbox 915 2401 1148 2455; x_wconf 86' lang='lat' dir='ltr'><strong>memoria,</strong></span> <span class='ocrx_word' id='word_1_175' title='bbox 1166 2403 1209 2447; x_wconf 88' lang='lat' dir='ltr'><strong>le</strong></span> <span class='ocrx_word' id='word_1_176' title='bbox 1225 2409 1456 2446; x_wconf 88' lang='lat' dir='ltr'><strong>muestren</strong></span> <span class='ocrx_word' id='word_1_177' title='bbox 1473 2416 1530 2457; x_wconf 88' lang='lat' dir='ltr'><strong>ay</strong></span> <span class='ocrx_word' id='word_1_178' title='bbox 1545 2416 1602 2444; x_wconf 93' lang='lat' dir='ltr'><strong>en</strong></span> <span class='ocrx_word' id='word_1_179' title='bbox 1619 2414 1722 2443; x_wconf 89' lang='lat' dir='ltr'><strong>casa</strong></span> <span class='ocrx_word' id='word_1_180' title='bbox 1740 2400 1844 2442; x_wconf 89' lang='lat' dir='ltr'><strong>toda</strong></span> 
     </span>
     <span class='ocr_line' id='line_1_31' title="bbox 215 2460 1844 2518; baseline -0.004 -12"><span class='ocrx_word' id='word_1_181' title='bbox 215 2461 542 2506; x_wconf 89' lang='lat' dir='ltr'><strong>beneuolencia</strong></span> <span class='ocrx_word' id='word_1_182' title='bbox 563 2477 591 2518; x_wconf 95' lang='lat' dir='ltr'><strong>y</strong></span> <span class='ocrx_word' id='word_1_183' title='bbox 613 2461 842 2514; x_wconf 84' lang='lat' dir='ltr'><strong>charidad,</strong></span> <span class='ocrx_word' id='word_1_184' title='bbox 867 2475 1038 2517; x_wconf 87' lang='lat' dir='ltr'><strong>porque</strong></span> <span class='ocrx_word' id='word_1_185' title='bbox 1058 2461 1198 2505; x_wconf 80' lang='lat' dir='ltr'><strong>cierto</strong></span> <span class='ocrx_word' id='word_1_186' title='bbox 1219 2476 1268 2505; x_wconf 91' lang='lat' dir='ltr'><strong>se</strong></span> <span class='ocrx_word' id='word_1_187' title='bbox 1289 2461 1333 2504; x_wconf 92' lang='lat' dir='ltr'><strong>lo</strong></span> <span class='ocrx_word' id='word_1_188' title='bbox 1360 2461 1575 2505; x_wconf 91' lang='lat' dir='ltr'><strong>deuemos</strong></span> <span class='ocrx_word' id='word_1_189' title='bbox 1598 2460 1778 2511; x_wconf 83' lang='lat' dir='ltr'><strong>much03</strong></span> <span class='ocrx_word' id='word_1_190' title='bbox 1814 2473 1844 2514; x_wconf 88' lang='lat' dir='ltr'><strong>y</strong></span> 
     </span>
     <span class='ocr_line' id='line_1_32' title="bbox 213 2519 1846 2576; baseline -0.002 -12"><span class='ocrx_word' id='word_1_191' title='bbox 213 2522 256 2564; x_wconf 83' lang='lat' dir='ltr'><strong>el</strong></span> <span class='ocrx_word' id='word_1_192' title='bbox 280 2535 329 2565; x_wconf 91' lang='lat' dir='ltr'><strong>es</strong></span> <span class='ocrx_word' id='word_1_193' title='bbox 352 2528 426 2564; x_wconf 91' lang='lat' dir='ltr'><strong>tan</strong></span> <span class='ocrx_word' id='word_1_194' title='bbox 449 2521 650 2564; x_wconf 85' lang='lat' dir='ltr'><strong>honrado</strong></span> <span class='ocrx_word' id='word_1_195' title='bbox 671 2535 701 2576; x_wconf 92' lang='lat' dir='ltr'><strong>y</strong></span> <span class='ocrx_word' id='word_1_196' title='bbox 725 2520 943 2574; x_wconf 89' lang='lat' dir='ltr'><strong>uirtuoso,</strong></span> <span class='ocrx_word' id='word_1_197' title='bbox 967 2535 1055 2576; x_wconf 94' lang='lat' dir='ltr'><strong>que</strong></span> <span class='ocrx_word' id='word_1_198' title='bbox 1076 2521 1132 2564; x_wconf 93' lang='lat' dir='ltr'><strong>de</strong></span> <span class='ocrx_word' id='word_1_199' title='bbox 1153 2534 1267 2576; x_wconf 92' lang='lat' dir='ltr'><strong>suyo</strong></span> <span class='ocrx_word' id='word_1_200' title='bbox 1299 2521 1342 2563; x_wconf 91' lang='lat' dir='ltr'><strong>lo</strong></span> <span class='ocrx_word' id='word_1_201' title='bbox 1364 2534 1561 2564; x_wconf 88' lang='lat' dir='ltr'><strong>merece.</strong></span> <span class='ocrx_word' id='word_1_202' title='bbox 1604 2519 1748 2562; x_wconf 90' lang='lat' dir='ltr'><strong>Como</strong></span> <span class='ocrx_word' id='word_1_203' title='bbox 1770 2531 1846 2560; x_wconf 92' lang='lat' dir='ltr'><strong>se-</strong></span> 
     </span>
     <span class='ocr_line' id='line_1_33' title="bbox 217 2578 1243 2636; baseline -0.002 -13"><span class='ocrx_word' id='word_1_204' title='bbox 217 2594 372 2636; x_wconf 89' lang='lat' dir='ltr'><strong>pamos</strong></span> <span class='ocrx_word' id='word_1_205' title='bbox 394 2594 483 2635; x_wconf 91' lang='lat' dir='ltr'><strong>que</strong></span> <span class='ocrx_word' id='word_1_206' title='bbox 505 2595 553 2624; x_wconf 89' lang='lat' dir='ltr'><strong>es</strong></span> <span class='ocrx_word' id='word_1_207' title='bbox 575 2594 631 2636; x_wconf 89' lang='lat' dir='ltr'><strong>ay</strong></span> <span class='ocrx_word' id='word_1_208' title='bbox 652 2580 847 2636; x_wconf 84' lang='lat' dir='ltr'><strong>llegado,</strong></span> <span class='ocrx_word' id='word_1_209' title='bbox 871 2594 930 2635; x_wconf 91' lang='lat' dir='ltr'><strong>yo</strong></span> <span class='ocrx_word' id='word_1_210' title='bbox 951 2579 994 2624; x_wconf 89' lang='lat' dir='ltr'><strong>le</strong></span> <span class='ocrx_word' id='word_1_211' title='bbox 1011 2578 1243 2624; x_wconf 74' lang='lat' dir='ltr'><strong>escriuire.</strong></span> 
     </span>
    </p>
   </div>
   <div class='ocr_carea' id='block_1_10' title="bbox 210 2668 493 2674">
    <p class='ocr_par' dir='ltr' id='par_1_11' title="bbox 210 2668 493 2674">
     <span class='ocr_line' id='line_1_34' title="bbox 210 2668 493 2674; baseline 0 0"><span class='ocrx_word' id='word_1_212' title='bbox 210 2668 493 2674; x_wconf 95' lang='lat' dir='ltr'><strong> </strong></span> 
     </span>
    </p>
   </div>
   <div class='ocr_carea' id='block_1_11' title="bbox 209 2708 1849 2945">
    <p class='ocr_par' dir='ltr' id='par_1_12' title="bbox 286 2708 799 2756">
     <span class='ocr_line' id='line_1_35' title="bbox 286 2708 799 2756; baseline 0 -12"><span class='ocrx_word' id='word_1_213' title='bbox 286 2712 295 2732; x_wconf 90' lang='lat'>¹</span> <span class='ocrx_word' id='word_1_214' title='bbox 348 2709 448 2744; x_wconf 91' lang='lat' dir='ltr'><strong>Vide</strong></span> <span class='ocrx_word' id='word_1_215' title='bbox 466 2709 581 2756; x_wconf 88' lang='lat' dir='ltr'><strong>epist.</strong></span> <span class='ocrx_word' id='word_1_216' title='bbox 602 2708 686 2755; x_wconf 87' lang='lat'><strong>336,</strong></span> <span class='ocrx_word' id='word_1_217' title='bbox 706 2721 744 2744; x_wconf 87' lang='lat' dir='ltr'><strong>n.</strong></span> <span class='ocrx_word' id='word_1_218' title='bbox 765 2718 799 2745; x_wconf 84' lang='lat'><strong>2.</strong></span> 
     </span>
    </p>

    <p class='ocr_par' dir='ltr' id='par_1_13' title="bbox 281 2754 1455 2803">
     <span class='ocr_line' id='line_1_36' title="bbox 281 2754 1455 2803; baseline -0.002 -11"><span class='ocrx_word' id='word_1_219' title='bbox 281 2760 295 2779; x_wconf 78' lang='lat'>²</span> <span class='ocrx_word' id='word_1_220' title='bbox 346 2757 405 2791; x_wconf 83' lang='lat' dir='ltr'><strong>Ex</strong></span> <span class='ocrx_word' id='word_1_221' title='bbox 423 2758 676 2803; x_wconf 86' lang='lat' dir='ltr'><strong>autographo,</strong></span> <span class='ocrx_word' id='word_1_222' title='bbox 695 2755 735 2791; x_wconf 93' lang='lat' dir='ltr'><strong>in</strong></span> <span class='ocrx_word' id='word_1_223' title='bbox 754 2756 883 2803; x_wconf 82' lang='lat' dir='ltr'><strong>Epist.</strong></span> <span class='ocrx_word' id='word_1_224' title='bbox 905 2754 1078 2801; x_wconf 79' lang='lat' dir='ltr'><strong>canisii,</strong></span> <span class='ocrx_word' id='word_1_225' title='bbox 1095 2755 1129 2801; x_wconf 93' lang='lat'><strong>1,</strong></span> <span class='ocrx_word' id='word_1_226' title='bbox 1151 2763 1218 2801; x_wconf 89' lang='lat'><strong>119</strong></span> <span class='ocrx_word' id='word_1_227' title='bbox 1237 2754 1336 2800; x_wconf 85' lang='lat'><strong>(305,</strong></span> <span class='ocrx_word' id='word_1_228' title='bbox 1355 2754 1455 2800; x_wconf 80' lang='lat'><strong>306).</strong></span> 
     </span>
    </p>

    <p class='ocr_par' dir='ltr' id='par_1_14' title="bbox 209 2797 1849 2945">
     <span class='ocr_line' id='line_1_37' title="bbox 280 2797 1848 2851; baseline -0.003 -13"><span class='ocrx_word' id='word_1_229' title='bbox 280 2805 294 2826; x_wconf 77' lang='lat'><strong>³</strong></span> <span class='ocrx_word' id='word_1_230' title='bbox 343 2804 402 2838; x_wconf 87' lang='lat' dir='ltr'><strong>Ex</strong></span> <span class='ocrx_word' id='word_1_231' title='bbox 421 2805 647 2851; x_wconf 88' lang='lat' dir='ltr'><strong>archetypo,</strong></span> <span class='ocrx_word' id='word_1_232' title='bbox 665 2803 706 2839; x_wconf 88' lang='lat' dir='ltr'><strong>in</strong></span> <span class='ocrx_word' id='word_1_233' title='bbox 724 2803 853 2851; x_wconf 77' lang='lat' dir='ltr'><strong>Epist.</strong></span> <span class='ocrx_word' id='word_1_234' title='bbox 877 2802 1049 2848; x_wconf 81' lang='lat' dir='ltr'><strong>canisii,</strong></span> <span class='ocrx_word' id='word_1_235' title='bbox 1068 2803 1100 2849; x_wconf 92' lang='lat'><strong>1,</strong></span> <span class='ocrx_word' id='word_1_236' title='bbox 1122 2810 1190 2837; x_wconf 86' lang='lat'><strong>120</strong></span> <span class='ocrx_word' id='word_1_237' title='bbox 1209 2801 1322 2850; x_wconf 84' lang='lat'>(307).</span> <span class='ocrx_word' id='word_1_238' title='bbox 1349 2801 1450 2838; x_wconf 90' lang='lat' dir='ltr'><strong>Vide</strong></span> <span class='ocrx_word' id='word_1_239' title='bbox 1476 2800 1592 2847; x_wconf 89' lang='lat' dir='ltr'><strong>epist.</strong></span> <span class='ocrx_word' id='word_1_240' title='bbox 1614 2799 1698 2844; x_wconf 88' lang='lat'><strong>322,</strong></span> <span class='ocrx_word' id='word_1_241' title='bbox 1717 2797 1788 2843; x_wconf 88' lang='lat'><strong>329</strong></span> <span class='ocrx_word' id='word_1_242' title='bbox 1807 2803 1848 2833; x_wconf 85' lang='lat' dir='ltr'><strong>et</strong></span> 
     </span>
     <span class='ocr_line' id='line_1_38' title="bbox 209 2851 1849 2945; baseline -0.004 -11"><span class='ocrx_word' id='word_1_243' title='bbox 209 2851 406 2934; x_wconf 40' lang='lat' dir='ltr'><strong>appfnssi</strong></span> <span class='ocrx_word' id='word_1_244' title='bbox 417 2851 658 2945; x_wconf 49' lang='lat' dir='ltr'><strong>Zichetypm</strong></span> <span class='ocrx_word' id='word_1_245' title='bbox 681 2897 721 2934; x_wconf 89' lang='lat' dir='ltr'><strong>in</strong></span> <span class='ocrx_word' id='word_1_246' title='bbox 754 2896 850 2934; x_wconf 87' lang='lat' dir='ltr'><strong>Cod.</strong></span> <span class='ocrx_word' id='word_1_247' title='bbox 879 2896 1003 2941; x_wconf 89' lang='lat' dir='ltr'>PLB,</span> <span class='ocrx_word' id='word_1_248' title='bbox 1033 2895 1179 2943; x_wconf 88' lang='lat' dir='ltr'><strong>duplici</strong></span> <span class='ocrx_word' id='word_1_249' title='bbox 1208 2896 1292 2942; x_wconf 64' lang='lat' dir='ltr'><strong>fol„</strong></span> <span class='ocrx_word' id='word_1_250' title='bbox 1327 2896 1394 2942; x_wconf 87' lang='lat'><strong>146</strong></span> <span class='ocrx_word' id='word_1_251' title='bbox 1418 2896 1480 2942; x_wconf 90' lang='lat'><strong>(99</strong></span> <span class='ocrx_word' id='word_1_252' title='bbox 1504 2894 1558 2942; x_wconf 88' lang='lat' dir='ltr'><strong>v).</strong></span> <span class='ocrx_word' id='word_1_253' title='bbox 1586 2893 1687 2930; x_wconf 91' lang='lat' dir='ltr'><strong>Vide</strong></span> <span class='ocrx_word' id='word_1_254' title='bbox 1717 2903 1849 2940; x_wconf 86' lang='lat' dir='ltr'><strong>supra,</strong></span> 
     </span>
    </p>
   </div>
   <div class='ocr_carea' id='block_1_12' title="bbox 214 2954 527 2993">
    <p class='ocr_par' dir='ltr' id='par_1_15' title="bbox 214 2954 527 2993">
     <span class='ocr_line' id='line_1_39' title="bbox 214 2954 527 2993; baseline 0 -12"><span class='ocrx_word' id='word_1_255' title='bbox 214 2957 306 2993; x_wconf 88' lang='lat' dir='ltr'><strong>pag.</strong></span> <span class='ocrx_word' id='word_1_256' title='bbox 328 2954 411 2991; x_wconf 89' lang='lat'>297,</span> <span class='ocrx_word' id='word_1_257' title='bbox 431 2957 470 2983; x_wconf 90' lang='lat' dir='ltr'><strong>n.</strong></span> <span class='ocrx_word' id='word_1_258' title='bbox 490 2955 527 2982; x_wconf 88' lang='lat'><strong>2.</strong></span> 
     </span>
    </p>
   </div>
  </div>
 </body>
</html>
