2196 3522
972 278 1194 335 Amnem
1831 293 1897 342 581

356 399 578 444 Robertus
603 399 909 458 Clayssonius.
934 397 1071 459 [Sclz.]
1101 401 1112 422 ¹
1143 413 1179 445 1.
1207 401 1282 445 Ab
1312 414 1434 443 anno
1464 395 1625 444 aetatis
1652 403 1816 443 octauo
1845 399 1902 443 ad

267 475 437 505 annum
458 475 602 516 Vsque
625 474 698 516 33,
723 475 858 517 quem
881 474 1005 503 nunc
1020 475 1235 517 egressus
1251 467 1336 513 est,
1357 460 1444 504 nisi
1461 461 1622 503 morbo
1639 458 1898 516 impeditus,

268 535 446 577 semper
466 520 697 564 literarum
725 520 877 564 studio
904 527 1153 576 occupatus
1183 520 1283 573 fuit,
1314 527 1393 564 aut
1420 519 1560 563 sacris
1589 518 1899 563 functionibus

270 595 452 636 operam
475 579 709 637 impendit.
736 580 937 624 Primum
956 579 1137 635 quidem
1155 587 1255 636 post
1272 579 1613 637 grammaticen,
1634 588 1730 622 tum
1747 586 1900 622 orato-

270 639 379 693 riae,
419 646 515 683 tum
553 639 756 696 poeticae
793 639 996 683 facultati
1033 639 1280 692 insudauit,
1314 639 1438 682 haud
1465 639 1677 695 neglecta
1712 638 1898 694 linguae

269 713 462 756 graecae
483 699 758 756 cognitione.
782 699 902 743 Dein
923 700 980 742 ad
1005 698 1315 755 philosophiae
1342 698 1543 742 studium
1574 712 1623 741 se
1651 697 1896 751 transtulit3

267 774 372 802 mox
409 759 466 802 ad
501 758 612 802 iuris
648 758 795 802 ciuilis
830 758 1030 802 studium
1068 757 1342 812 conuolavit3
1374 759 1470 810 sed,
1496 758 1550 801 ad
1574 771 1725 800 sacras
1746 757 1898 802 literas

266 833 489 875 propenso
506 820 671 863 affectu
689 819 905 863 adhelans
919 818 1013 876 [sic]
1024 852 1033 870 ,
1049 819 1107 861 ad
1120 831 1274 861 sacrae
1288 817 1544 873 theologiae
1559 816 1762 860 studium·
1775 824 1898 860 tran-

266 878 389 931 siliit3
415 885 551 934 atque
578 878 635 921 ad
662 877 848 935 linguae
870 878 1107 922 hebraicae
1135 877 1409 922 hauriendos
1442 878 1590 921 fontes
1619 876 1893 932 properauit.

265 939 421 994 Itaque
443 937 491 980 in
511 937 650 981 sacris
671 937 902 982 literarum
924 937 1182 981 diuinarum
1205 936 1365 980 studiis
1387 935 1674 993 praecipuam
1697 943 1742 980 et
1771 943 1896 979 aeta-

266 1004 356 1041 tem
379 1005 424 1042 et
445 1012 626 1054 operam
648 997 887 1041 collocauit
909 1013 936 1041 a
962 995 1203 1042 Societatis
1223 996 1449 1054 ingressu.
1487 1009 1528 1039 2.
1570 995 1787 1038 Incolumi
1815 997 1897 1039 ad--

266 1057 450 1100 modum
473 1063 519 1100 et
547 1056 725 1114 integro
753 1071 940 1113 corpore
966 1055 1183 1101 in-Iiteris
1210 1063 1353 1100 totam
1382 1054 1732 1099 adolescentiam
1759 1061 1896 1110 atque

259 1117 551 1173 juuentutem
577 1116 806 1173 expendit:
837 1123 883 1160 at
913 1130 1036 1160 nunc
1072 1130 1208 1172 supra
1243 1115 1475 1160 biennium
1513 1129 1692 1158 menses
1723 1114 1896 1171 aliquot

266 1177 470 1233 languet,
510 1175 740 1220 laboribus
776 1190 916 1232 prope
952 1177 1216 1220 exhaustus.
1255 1189 1296 1231 3.
1330 1175 1379 1220 Si
1410 1175 1624 1218 valetudo
1646 1180 1892 1231 pateretur,

268 1243 392 1279 totus
414 1235 643 1279 literarum
672 1235 833 1292 studijs
861 1235 1018 1287 inhiat,
1049 1234 1243 1280 maxime
1269 1249 1379 1278 vero
1406 1248 1636 1278 sacrarum
1663 1233 1893 1277 literarum

266 1295 616 1352 linguarumque
646 1296 774 1339 ardet
809 1294 1048 1340 desiderio.
1079 1307 1117 1349 4.
1148 1294 1276 1339 Licet
1304 1295 1361 1337 ad
1390 1293 1575 1351 quasuis
1602 1292 1813 1338 scientias
1842 1308 1895 1336 ac

265 1354 523 1412 disciplinas
545 1361 699 1411 aptum
727 1369 775 1398 se
802 1354 987 1407 iudicet,
1021 1353 1214 1398 maxime
1251 1361 1404 1398 tamen
1441 1354 1498 1397 ad
1534 1352 1712 1396 diuinas
1742 1352 1894 1397 literas

266 1414 616 1483 linguarumque
637 1415 838 1458 studium
867 1414 1055 1471 rapitur,
1086 1413 1273 1482 ingenio
1300 1413 1607 1468 memoriaque
1634 1413 1756 1455 haud
1784 1427 1894 1469 poe-

265 1473 462 1519 nitendis
484 1474 729 1530 praeditus.
757 1485 798 1529 5.
825 1473 994 1519 Certe
982 1489 1029 1517 1n
1046 1473 1185 1517 sacris
1200 1473 1341 1517 literis
1357 1473 1612 1529 profectum
1630 1471 1893 1539 ampliorem

264 1533 424 1578 fecisse
445 1533 531 1577 sibi
551 1533 746 1587 videtur,
778 1548 925 1601 eoque
952 1533 1248 1591 promouisse,
1278 1540 1328 1576 vt
1356 1533 1413 1576 ad
1439 1531 1566 1576 verbi
1594 1530 1892 1575 ministerium

262 1600 398 1650 atque
427 1593 683 1650 theologiae
713 1593 948 1650 Vtriusque
985 1593 1307 1650 professionem
1344 1592 1391 1635 in
1428 1599 1620 1659 utraque
1659 1590 1892 1636 functione
1958 1606 1966 1615 ·

262 1654 482 1698 hactenus
517 1659 767 1710 occupatus
802 1654 955 1710 plures
990 1667 1149 1704 annos,
1189 1653 1307 1697 duce
1343 1651 1428 1696 Dei
1461 1650 1608 1708 gratia
1639 1665 1692 1694 ac
1724 1650 1890 1695 comite

262 1712 521 1756 valetudine
542 1713 722 1769 aspiret.
749 1713 789 1756 6.
813 1713 887 1756 Ad
913 1712 1076 1756 artium
1104 1712 1379 1757 doctoralem
1409 1712 1608 1755 lauream
1637 1716 1886 1766 promotus,

262 1772 436 1815 nullum
474 1771 731 1829 theologiae
772 1779 849 1816 aut
892 1771 1076 1816 alterius
1117 1771 1344 1815 facultatis
1385 1772 1579 1827 gradum
1609 1769 1884 1813 conscendit.

264 1843 306 1885 7.
332 1833 389 1874 Et
409 1831 455 1875 in
471 1831 633 1876 studiis
648 1839 694 1875 et
710 1832 755 1874 in
772 1831 934 1875 ceteris
952 1830 1237 1876 obedientiae
1254 1830 1505 1887 praeceptis
1522 1845 1571 1875 se
1590 1836 1732 1872 totum
1752 1829 1889 1872 indif-

263 1892 480 1935 ferentem
504 1891 718 1935 Societati
741 1891 951 1947 resignat.
979 1893 1021 1934 8.
1046 1891 1286 1935 Constanti
1307 1890 1457 1934 animo
1474 1904 1527 1933 ac
1549 1896 1696 1932 macte
1719 1888 1889 1934 virtute

261 1950 308 1993 in
330 1950 606 2006 quibuslibet
631 1950 792 1995 studiis
819 1950 1103 1996 obedientiae
1133 1949 1400 1994 auctoritate
1428 1948 1643 1993 iniunctis
1673 1962 1887 2005 perseue-

260 2016 462 2053 raturum
484 2025 550 2063 se,
574 2012 673 2054 Deo
696 2011 893 2064 fauente,
918 2009 1169 2066 pollicetur,
1194 2009 1467 2065 cuicumque
1487 2008 1639 2053 studio
1667 2022 1771 2053 eum
1799 2009 1887 2052 So-

258 2069 398 2112 cietas
434 2069 671 2114 addixerit.
710 2085 754 2127 9.
796 2069 1137 2114 Paratissimum
1174 2084 1224 2113 se
1259 2070 1392 2114 offert
1428 2069 1485 2112 ad
1522 2083 1657 2112 omne
1693 2067 1885 2110 docendi

257 2143 438 2182 munus,
473 2129 570 2173 siue
606 2129 938 2187 grammatices,
978 2129 1076 2173 siue
1111 2128 1438 2186 philosophiae,
1478 2127 1577 2172 siue
1609 2126 1882 2183 theologiae,

255 2188 390 2244 idque
412 2188 628 2245 quamdiu
651 2203 805 2233 sacrae
826 2188 1046 2245 placuerit
1067 2187 1367 2242 obedientiae,
1399 2194 1614 2243 certaque
1642 2185 1809 2230 fiducia
1836 2201 1886 2230 se

257 2248 420 2291 fretum
456 2249 709 2305 profitetur,
755 2263 844 2316 qua
885 2247 1067 2293 diuinae
1102 2247 1415 2316 prouidentiae
1457 2246 1642 2290 arbitrio
1683 2245 1883 2290 seniores

256 2307 601 2364 superioresque
626 2308 673 2352 in
710 2307 804 2352 suis
841 2307 1034 2352 decretis
1070 2307 1184 2365 regi,
1224 2307 1449 2351 tutissimo
1479 2307 1605 2351 velut
1642 2304 1879 2362 praesidio,

255 2366 413 2410 credit.
419 2369 704 2411 —Robertus
740 2366 1052 2421 Clayssonius,
1091 2366 1350 2424 brugensis,
1390 2365 1670 2410 tornacensis
1701 2364 1882 2420 collegii

258 2426 483 2470 alumnus.
510 2425 603 2485 [IV,
630 2428 737 2483 585—
744 2427 844 2485 596]
1745 2449 1749 2454 ·

354 2498 390 2530 Ι.
455 2487 675 2530 Robertus
714 2487 942 2530 Girulius.
989 2498 1031 2530 2:
1076 2487 1188 2531 Sum
1229 2485 1276 2529 in
1312 2485 1537 2543 uigesimo
1575 2490 1704 2528 sexto
1742 2497 1877 2526 anno.

259 2558 299 2599 3.
325 2546 501 2599 Gallus,
526 2547 712 2600 flander,
737 2545 1011 2591 leodiensis..
1023 2558 1127 2589 .1.2
1150 2545 1365 2602 Quinque
1387 2559 1530 2589 annos
1551 2560 1577 2587 a
1606 2547 1740 2587 Patre
1763 2544 1881 2586 Leo-

257 2605 431 2648 nardo
420 2620 466 2648 1n
488 2607 524 2649 F
527 2605 713 2659 landrla
744 2605 790 2649 in
818 2605 1010 2672 collegio
1023 2580 1297 2649 boloniensi:
1322 2620 1414 2649 non
1436 2604 1501 2648 fui
1528 2611 1623 2646 tum
1650 2602 1880 2646 examina-

257 2671 365 2707 tus..
377 2677 478 2718 ..14
500 2666 661 2709 Habeo
678 2672 871 2721 quatuor
886 2665 1098 2708 minores.
1125 2675 1191 2719 15.
1212 2666 1262 2708 In
1275 2664 1537 2718 coloniensi,
1551 2661 1880 2720 ingolstadien-

251 2722 306 2778 si,
331 2730 376 2766 et
398 2723 519 2767 istud
540 2731 610 2767 est
632 2724 851 2768 tertium²
861 2726 991 2780 .[I,V
1017 2725 1120 2779 581,
1146 2725 1244 2780 582]

348 2795 385 2826 Ι.
451 2783 681 2827 Llamome
702 2785 856 2840 Roque
884 2784 1012 2827 Rois.
1046 2796 1086 2827 2.
1115 2785 1276 2840 Tengo
1297 2783 1586 2839 uentiquatro
1608 2788 1734 2832 afiOS,
1766 2794 1879 2836 poco

249 2846 347 2885 mas
368 2846 395 2885 ὁ
417 2857 589 2887 menos.
618 2856 658 2898 3.
686 2844 798 2887 Naci
821 2859 878 2888 en
899 2843 941 2888 el
969 2842 1262 2899 arcobispado
1290 2844 1347 2888 de
1377 2844 1563 2894 Toledo,
1589 2856 1647 2885 en
1667 2855 1757 2883 vna
1789 2839 1880 2882 uila

254 2916 345 2957 que
367 2916 416 2945 se
437 2902 554 2945 lama
580 2903 623 2946 la
651 2903 867 2959 Calcada:
898 2902 1063 2947 crieme
1089 2917 1147 2946 en
1175 2904 1388 2949 Gandia..
1399 2939 1408 2948 .
1445 2916 1512 2958 14.
1544 2901 1813 2947 Recebiome
1837 2901 1880 2945 el

323 3046 333 3066 ¹
386 3045 558 3080 Examen
575 3056 780 3082 commune
798 3045 1004 3082 Claissonii
1022 3046 1279 3083 desideratur.

321 3094 336 3115 ²
387 3091 546 3130 Scilicet
563 3104 767 3142 pragense.
788 3094 888 3131 Vide
906 3105 1035 3143 supra,
1055 3106 1141 3143 pag.
1166 3094 1246 3143 186,
1264 3101 1396 3133 annot.
1416 3103 1451 3142 5.
