2196 3522
390 298 489 324 xvm
1009 283 1189 319 NOTITIA
1215 289 1409 317 comeum·

1055 418 1212 455 Codex
1242 417 1316 454 35
1343 420 1354 441 ¹

470 549 696 605 Epistolae
719 548 925 598 Pohznci,
948 546 1125 588 Lainez
1145 548 1186 588 et
1216 545 1609 601 Borgiae.—Vol.
1644 545 1691 588 in
1721 546 1750 589 f.
1783 547 2018 605 congluti-

380 635 536 675 natum
559 632 605 670 et
638 627 723 668 hac
754 622 1046 679 inscriptione
1078 621 1307 665 deauratis
1334 621 1674 666 characteribus
1703 638 1729 666 a
1757 629 1889 681 tergo
1918 624 2014 669 dis-

379 705 591 747 tinctum:
629 701 993 745 «POLANCUS
1021 699 1027 758 Ι
1057 700 1406 744 EPISTOLAE
1441 701 1492 742 P.
1534 700 1761 744 LAINEZ
1789 700 1795 759 Ι
1824 702 1918 745 ΕΤ.
1959 703 2010 747 S.

378 780 703 825 FRANCISCI
732 778 1056 822 BORGIAE.»
1089 775 1313 832 Epistolas
1350 789 1435 834 319
1466 777 1800 833 complectitur,
1832 785 1900 822 tot
1926 794 2016 824 nu-

377 859 512 902 meris
534 863 740 901 recenter
762 870 818 898 ex
839 854 996 897 ordine
1019 852 1239 910 signatas.
1265 852 1581 898 Diversimode
1610 853 1716 897 olim
1738 856 1821 898 has
1841 847 2015 900 litteras

378 935 519 979 fuisse
540 933 784 985 ordinatas,
815 947 871 976 ex
894 930 1051 974 ordine
1082 937 1372 987 praepostero
1401 945 1695 975 numerorum
1723 931 2014 988 antiquorum

376 1008 575 1069 apparet.
594 1010 773 1065 Aliquis
796 1016 946 1053 tamen
969 1008 1079 1051 ordo
1101 1007 1329 1052 interdum
1350 1006 1397 1050 in
1419 1007 1622 1064 epistolis
1651 1000 1873 1053 annorum
1902 1011 2012 1066 1562

375 1097 422 1132 et
449 1089 558 1144 1563
582 1086 873 1143 conspicitur3
899 1100 1002 1129 nam
1025 1085 1162 1140 hujus
1185 1084 1292 1128 anni
1313 1084 1547 1141 epistolae,
1568 1086 1726 1142 paucis
1744 1086 1861 1131 foliis
1882 1077 2012 1133 dem—

376 1166 480 1223 ptis,
500 1165 742 1220 >antiquum
765 1163 968 1208 ordinem
991 1169 1174 1206 servant
1197 1177 1223 1205 a
1249 1177 1295 1205 n.
1328 1175 1345 1206 1
1371 1163 1429 1205 ad
1457 1174 1559 1217 207.
1587 1164 1762 1208 Omnes
1792 1165 1887 1210 fere
1912 1165 2011 1223 epi-

375 1245 517 1288 stolae
538 1249 644 1286 sunt
667 1243 955 1297 archetypae,
981 1240 1010 1284 i.
1037 1255 1077 1284 e.
1112 1255 1138 1283 a
1161 1239 1360 1289 Polanco
1389 1239 1572 1284 nomine
1599 1242 1843 1298 praepositi
1870 1257 2012 1300 gene-

375 1321 479 1364 ralis
501 1318 798 1375 subscriptae,
824 1325 869 1362 et
886 1333 912 1360 a
927 1317 1121 1361 librariis
1137 1324 1362 1370 exaratae,
1382 1317 1646 1374 praesertim
1664 1320 1880 1376 aJoanne
1896 1321 2008 1366 Fer-

375 1399 565 1442 nandez.
592 1398 764 1441 Multae
792 1395 1086 1439 nihilominus
1114 1396 1171 1438 ab
1199 1394 1298 1452 ipso
1323 1395 1521 1439 Polanco
1548 1395 1744 1452 scriptae
1771 1398 2010 1454 reperiun-

376 1482 473 1528 tur,
520 1490 576 1519 ex
617 1473 936 1517 commissione
979 1472 1127 1516 Patris
1170 1471 1413 1529 generalis.
1458 1474 1605 1517 Datae
1651 1474 1837 1517 suerunt
1879 1476 2010 1520 annis

380 1564 428 1608 15
435 1554 649 1607 58-1572,
676 1566 767 1595 una
787 1551 861 1594 vel
883 1551 1024 1595 altera
1051 1557 1255 1607 excepta.
1281 1551 1536 1594 Versantur
1555 1550 1603 1593 in
1629 1550 1828 1608 negotiis
1855 1553 1913 1596 ad
1934 1568 2009 1598 re-

373 1630 527 1687 gimen
566 1628 807 1674 Societatis
842 1627 1171 1685 spectantibus;
1213 1634 1259 1671 et
1289 1627 1516 1671 interdum
1554 1627 1732 1684 aliquae
1768 1638 2005 1688 apparent,

371 1721 488 1762 quae
515 1707 573 1759 ad
600 1705 806 1749 notitiam
833 1720 985 1750 rerum
1020 1711 1252 1762 gestarum
1288 1718 1370 1761 pro
1403 1704 1624 1750 charitate
1661 1705 1858 1750 fovenda
1887 1706 2008 1751 inter

370 1785 518 1828 socios
555 1784 828 1828 referuntur.
871 1782 1068 1826 Maxima
1104 1781 1281 1825 illarum
1310 1796 1414 1838 pars
1451 1789 1559 1825 sunt
1594 1782 1762 1839 scripta
1799 1783 2005 1828 Tridenti

370 1860 500 1904 annis
528 1861 637 1915 1562
660 1867 706 1903 et
734 1861 857 1915 1563.
886 1859 1048 1916 Incipit
1077 1860 1288 1903 volumen
1321 1874 1378 1903 ex
1405 1858 1624 1915 epistolae
1645 1859 1952 1917 palimpsesto,
1977 1877 2004 1906 a

371 1939 569 1981 Polanco
580 1944 780 1990 exarato,
792 1945 838 1981 et
848 1937 984 1980 variis
995 1936 1387 1981 emendationibus
1399 1935 1642 1993 castigato,
1656 1949 1712 1980 20
1725 1938 1852 1994 Sept.
1871 1950 1888 1982 1
1897 1949 1920 1994 5
1926 1940 1999 1994 56,

369 2015 501 2071 cujus
523 2014 664 2071 prima
685 2016 825 2059 verba
845 2021 968 2058 sunt:
993 2014 1273 2059 «Soli—Pax
1293 2012 1527 2057 X.i—De1
1544 2013 1809 2059 Schorichio
1826 2014 1868 2058 ci
1885 2003 2003 2059 saria

370 2099 583 2148 tropo...»
609 2091 789 2136 Desinit
809 2093 898 2135 vol.
925 2091 972 2135 in
989 2091 1180 2149 epistola
1197 2092 1251 2135 P.
1272 2091 1494 2135 Ludovici
1510 2092 1787 2147 Goncalves,
1813 2092 2002 2136 Polanci

368 2183 505 2212 manu
529 2169 814 2226 transcripta,
840 2170 971 2226 cujus
994 2168 1152 2212 ultima
1172 2169 1312 2213 verba
1339 2175 1461 2212 sunt:
1492 2183 1597 2212 «ver
1626 2174 1754 2212 tanto
1775 2168 1914 2214 deseo
1941 2184 2001 2212 en

368 2253 446 2289 tan
468 2252 598 2290 santo
620 2247 849 2302 pontifice,
875 2261 964 2302 que
985 2253 1082 2291 esta
1097 2260 1204 2290 cosa
1226 2252 1367 2302 tenga
1382 2246 1561 2298 effecto,
1582 2260 1655 2290 me
1674 2259 1723 2289 es
1739 2259 1856 2302 gran
1871 2247 2001 2291 sefial

366 2337 457 2379 que
473 2324 591 2367 dello
611 2325 670 2367 ha
692 2324 748 2366 de
765 2323 971 2380 seguirse
993 2338 1108 2380 gran
1129 2322 1249 2367 bien.
1277 2324 1347 2366 En
1362 2323 1429 2367 las
1449 2321 1698 2375 oraciones,
1718 2328 1836 2366 etc.»
1857 2323 1998 2367 Hunc

365 2399 586 2454 codicem,
611 2415 636 2443 a
653 2400 783 2443 nobis
804 2401 1063 2457 frequenter
1079 2399 1402 2452 adhibendum,
1423 2400 1510 2443 hoc
1527 2404 1660 2455 pacto
1676 2397 1992 2455 allegabimus:

368 2476 476 2519 Cod.
497 2478 660 2529 PLB„
678 2477 844 2532 quibus
859 2477 1020 2522 litteris
1039 2478 1282 2540 Polancus,
1295 2475 1462 2521 Lainez
1473 2482 1519 2520 et
1530 2474 1700 2532 Borgia
1715 2474 1992 2521 indicantur.
2049 2511 2060 2524 .

1055 2587 1208 2626 Codex
1225 2587 1302 2625 :3ss

451 2684 678 2740 Epistolae
699 2685 759 2726 ad
781 2686 841 2727 P.
873 2685 1168 2728 Leonardum
1195 2683 1593 2728 Kessel.-Codex
1619 2683 1892 2753 coloniensis
1919 2699 1989 2733 ar«,

360 2759 483 2803 chivi
504 2761 756 2804 studiorum
779 2761 1069 2805 fundatorum
1092 2760 1308 2819 («Archiv
1336 2761 1416 2804 des
1443 2761 1995 2818 Verwaltungsrathsder

360 2836 855 2894 Studienstiftungen»,
905 2838 1104 2882 «Archiv
1146 2839 1228 2884 des
1263 2836 1529 2895 Gymnasial
1565 2838 1659 2881 und
1695 2837 1995 2888 Studienstifw

432 2963 443 2982 ¹
494 2961 549 2997 Ut
561 2960 714 2998 codices
729 2973 751 2996 a
768 2961 907 2997 nobis
897 2974 938 2998 m
955 2964 1027 2998 hoc
1041 2975 1159 3011 opere
1176 2962 1365 3010 descripti
1381 2961 1622 2999 commodius
1640 2939 1802 3010 allegari
1815 2962 1989 3009 valeant,

353 3031 424 3055 eos
442 3020 515 3055 sub
532 3017 645 3055 unica
663 3031 910 3056 numerorum
924 3022 1025 3058 serie
1040 3022 1278 3068 ordinamus3
1293 3033 1338 3059 ac
1351 3007 1528 3070 proinde,
1539 3033 1633 3058 cum
1646 3018 1828 3058 codices'
1816 3033 1857 3058 m
1875 3016 1899 3058 1’
1906 3022 1989 3058 vol

348 3077 566 3125 descripti
556 3090 596 3114 m
613 3090 655 3114 n.
680 3077 725 3123 34
742 3078 936 3125 desinant,
956 3081 1122 3128 primum
1139 3081 1255 3129 hujus
1269 3082 1348 3118 vol.
1363 3093 1403 3118 n.
1418 3080 1464 3127 35
1479 3078 1697 3131 signamus..
1892 3078 1931 3094 ‘³
