2196 3522
390 250 462 289 662
1007 245 1414 284 EP1sr.P.NAnA1.

482 349 654 406 Accepi
687 350 698 371 ¹
735 348 888 393 literas
924 350 980 392 R.
1021 351 1074 392 P.
1100 350 1158 393 V.
1200 363 1231 393 x
1267 346 1540 393 Nouembris
1576 310 1721 401 datas,
1747 346 1912 413 quibus
1947 361 2034 403 per

393 410 533 454 alium
556 408 856 461 tabellarium,
887 409 987 452 Deo
1017 409 1134 453 bene
1160 408 1370 462 iuuante,
1394 407 1700 464 respondebo,
1732 405 1862 449 cuius
1893 419 2035 463 opera

394 484 485 513 non
508 468 658 512 minus
682 469 872 512 fortasse
894 467 1100 512 celeriter
1121 469 1207 512 hec
1229 481 1365 523 quam
1387 466 1462 510 ille
1482 467 1783 523 perferentur.

484 529 537 572 P.
565 529 623 572 V.
650 526 820 572 frater
809 541 856 569 111
879 526 1077 580 Christo,

788 587 1434 638 STANISLAUS,CARD1NALIS
1466 586 1786 630 VARMIENSIS.

483 646 729 702 Inscriptio
750 646 802 688 in
824 649 992 702 quarta
1006 646 1206 702 pagina:
1227 645 1342 689 Rdo,
1365 643 1506 697 Patri,
1525 644 1708 687 domino
1718 643 1892 709 Jacobo
1909 643 2028 699 Lay-

393 720 491 760 nes,
531 719 687 749 sacrae
725 704 982 761 theologiae
1019 704 1216 758 doctori,
1257 703 1458 761 generali
1492 702 1748 760 praeposito
1790 701 2035 748 Societatis

387 767 516 824 Jesu,
541 765 589 808 in
611 764 793 808 Christo
815 764 1078 808 charissimo
1100 771 1146 807 et
1168 764 1447 806 honorando.
1468 763 1576 806 Alia
1598 777 1760 805 manu:
1789 763 1911 817 1565.
1930 763 2029 806 He-

394 825 579 882 lisperg.
606 824 742 868 Card.
768 823 1041 868 varmiense.
1073 825 1117 867 X
1139 822 1185 866 di
1202 824 1387 881 Jenaro.
1419 822 1577 880 Sigilli
1597 823 1858 884 vestigium.

1137 974 1285 1017 XLVI

904 1066 1083 1105 OTTO
1122 1067 1521 1104 TRUCHSESS

967 1145 1172 1181 cardinalis
1191 1150 1432 1191 augustanus

884 1237 1026 1267 PATRI
1059 1237 1241 1279 focosso
1273 1237 1449 1267 LAINEZ
1482 1223 1545 1281 (?).

797 1312 1034 1369 Dilingae,
1083 1313 1139 1356 26
1171 1312 1375 1370 Januarii
1424 1313 1533 1368 1565
1580 1314 1616 1355 ³.

728 1401 788 1436 De
806 1402 983 1447 quadam
998 1401 1177 1447 procella
1194 1402 1239 1436 in
1259 1401 1494 1437 Societatem
1511 1401 1698 1438 excitata.

487 1480 628 1523 Molto
647 1479 762 1523 Rdo.
783 1478 829 1521 in
847 1480 965 1534 Xpo.
987 1479 1178 1523 fratello.
1200 1480 1265 1523 La
1281 1479 1442 1524 lettera
1459 1479 1503 1522 di
1521 1479 1578 1523 V.
1606 1480 1659 1522 P.
1681 1481 1734 1523 R.
1762 1478 1823 1522 mi
1844 1481 1904 1522 ha
1920 1493 2027 1535 por-

401 1546 496 1582 tato
520 1539 658 1582 molta
674 1537 996 1590 consolatione,
1022 1539 1140 1582 nella
1163 1539 1294 1593 quale
1328 1539 1358 1581 l'
1383 1539 1409 1582 e
1431 1538 1627 1594 piaciuto
1656 1538 1798 1582 darmi
1826 1545 1963 1581 conto
1985 1538 2031 1581 di

399 1605 570 1655 quanto
591 1599 772 1642 haueua
793 1597 939 1641 inteso
962 1598 1035 1641 dal
1054 1598 1201 1642 Padre
1222 1598 1313 1640 don
1332 1597 1467 1654 Luigi
1489 1599 1504 1619 ³
1523 1604 1568 1641 et
1585 1598 1642 1641 da
1658 1598 1702 1641 la
1717 1598 1879 1643 lettera
1899 1597 2031 1641 scrit-

400 1659 488 1702 tale
509 1658 567 1701 da
588 1672 680 1702 me.
713 1659 788 1701 Ma
810 1657 937 1712 sappi
960 1663 1084 1701 certo
1107 1659 1207 1711 che,
1233 1671 1282 1701 se
1305 1657 1409 1701 ben'
1440 1657 1483 1700 io
1505 1671 1700 1700 conosca
1725 1658 1769 1702 le
1798 1657 1919 1701 forze
1942 1656 2032 1701 mie

398 1718 537 1761 esser’
561 1715 699 1760 debili
736 1716 924 1772 rispetto
947 1717 990 1758 al
1012 1715 1161 1760 animo
1183 1718 1268 1760 che
1300 1716 1429 1773 piace
1464 1717 1506 1760 al
1543 1716 1715 1773 Signor
1742 1715 1830 1760 Dio
1853 1715 1898 1758 di
1921 1730 2030 1772 por-
2100 1766 2105 1767 ⁷

396 1776 556 1832 germi‚
582 1790 714 1832 spero
737 1775 1011 1818 nondimeno
1034 1778 1185 1818 ancor'
1218 1776 1287 1819 001
1326 1782 1477 1832 tempo
1503 1777 1588 1819 che
1625 1776 1673 1820 S.
1701 1777 1764 1819 M.
1791 1775 1947 1818 diuina
1969 1775 2030 1818 mi

396 1837 503 1879 dara
519 1843 648 1892 poter
669 1835 727 1878 da
749 1836 831 1878 far’
852 1849 937 1877 con
960 1834 1058 1878 uiui'
1078 1835 1220 1879 effetti
1243 1849 1487 1880 conoscere
1508 1835 1551 1878 la
1572 1834 1811 1892 ingenuita
1838 1835 1910 1879 del
1933 1834 2031 1877 ani-

395 1910 471 1938 mo
494 1894 600 1947 mio,
626 1909 756 1938 come
777 1894 1000 1947 desidero,
1021 1894 1419 1961 particularmente
1439 1909 1569 1938 uerso
1585 1895 1628 1938 la
1645 1908 1728 1938 sua
1744 1901 1874 1937 santa
1891 1894 2030 1937 Com-

397 1953 565 2020 pagnia
586 1954 660 1998 del
675 1955 802 2011 Jesu,
828 1968 907 2009 per
930 1953 1116 1997 seruitio
1137 1961 1183 1998 et
1205 1960 1487 2020 augumento
1509 1954 1626 1997 della
1648 1953 1813 2010 quale
1802 1968 1849 1995 1n
1871 1960 2035 2008 queste

398 2013 512 2070 parti
535 2020 580 2056 et
601 2013 648 2056 in
669 2015 777 2068 ogn'
804 2014 916 2056 altro
932 2014 1048 2067 1000,
1070 2014 1191 2056 doue
1207 2012 1268 2055 mi
1285 2013 1322 2056 si
1344 2015 1537 2070 porgera
1558 2013 1587 2055 l'
1593 2012 1831 2056 occasione
1853 2012 1898 2055 di
1921 2013 2026 2056 affa-

398 2071 589 2126 ticarmi,
612 2073 658 2115 lo
682 2072 777 2114 faro
800 2079 926 2116 tanto
947 2079 1279 2129 prontamente,
1306 2080 1476 2127 quanto
1498 2075 1606 2129 ogn’
1627 2072 1740 2115 altra
1761 2086 1867 2115 cosa
1888 2071 2000 2116 che
1988 2085 2037 2114 10

396 2131 535 2175 habbi
558 2131 645 2174 mai
667 2131 937 2186 desiderata,
963 2146 1054 2175 non
1076 2133 1275 2188 sapendo
1297 2132 1406 2188 pero
1429 2132 1474 2174 d’
1498 2133 1654 2176 hauer’
1674 2133 1847 2175 hauuto
1870 2130 1916 2173 in
1934 2130 2033 2173 ani—

399 2206 473 2234 mo
495 2189 718 2234 desiderio
740 2192 825 2235 che
846 2191 924 2247 piu
947 2190 1009 2232 mi
1032 2206 1186 2247 prema
1207 2190 1253 2233 di
1276 2198 1452 2247 questo.

488 2251 675 2306 Quanto
692 2250 779 2292 alla
795 2250 1111 2305 persecutione
1127 2252 1314 2304 hauuta,
1328 2251 1353 2293 e
1370 2257 1487 2293 stato
1502 2250 1642 2293 molto
1659 2265 1685 2293 a
1702 2248 1930 2305 proposito
1948 2250 2033 2292 che

399 2309 437 2352 si
459 2308 596 2352 habbi
618 2323 748 2365 presa
771 2309 1045 2354 resolutione
1065 2309 1111 2352 di
1139 2312 1369 2365 procurar'
1395 2309 1425 2352 li
1453 2309 1582 2353 breui
1603 2311 1688 2352 che
1710 2308 1747 2352 si
1770 2322 1882 2351 sono
1904 2322 2033 2351 man-

400 2368 492 2412 dati
515 2383 620 2424 qua,
646 2382 724 2424 per
745 2369 872 2412 leuar
901 2368 976 2411 uia
1007 2369 1113 2424 quel
1142 2370 1231 2411 mal
1261 2370 1399 2412 odore
1421 2370 1506 2412 che
1534 2368 1610 2424 gia
1641 2367 1679 2411 si
1706 2367 1987 2411 cominciaua
2007 2381 2034 2409 a

400 2442 631 2484 spargere.
658 2429 733 2470 Ma
761 2428 835 2471 nel
871 2435 1008 2482 resto,
1035 2428 1274 2471 uolendoci
1300 2427 1376 2471 noi
1405 2428 1650 2471 confortar'
1684 2426 1964 2471 sauiamente
1985 2425 2033 2470 in

401 2486 599 2539 Christo,
632 2500 759 2529 come
787 2486 824 2529 si
852 2489 911 2530 ha
938 2488 996 2530 da
1033 2488 1141 2539 fare,
1182 2488 1375 2532 deuemo
1411 2501 1548 2531 senza
1584 2485 1840 2531 hesitation'
1872 2485 2035 2528 alcuna
2095 2502 2101 2505 ’

400 2546 586 2589 credere
623 2547 708 2588 che
745 2546 831 2588 alla
867 2546 1152 2602 Compagnia
1173 2562 1231 2591 ne
1268 2546 1487 2590 resultera
1509 2545 1653 2602 gloria
1679 2553 1725 2589 et
1746 2547 1934 2597 honore,
1959 2558 2033 2587 sa-

400 2605 550 2661 pendo
572 2606 658 2648 che
677 2611 834 2648 nostro
861 2605 1020 2661 signor
1050 2607 1162 2662 Jesu
1184 2620 1350 2649 ancora
1386 2605 1478 2661 pati
1512 2604 1844 2661 persecutione,
1877 2610 1922 2647 et
1949 2604 2037 2647 che

400 2663 492 2720 egli
515 2663 554 2706 ci
593 2665 651 2706 ha
688 2663 929 2720 insegnato
950 2671 996 2708 et
1024 2664 1272 2707 dichiarato
1294 2679 1373 2720 per
1401 2664 1522 2708 beati
1550 2663 1687 2719 quelli
1714 2662 1832 2706 che
1821 2678 1867 2705 m
1890 2661 2039 2717 gratia

400 2738 484 2766 sua
505 2722 690 2766 hanno
678 2737 726 2765 111
748 2730 908 2778 questo
931 2724 1097 2767 mondo
1119 2724 1235 2767 delle
1250 2722 1572 2799 persecutioni.
1594 2722 1791 2767 Perdoni
1810 2722 1858 2767 S.
1881 2723 1944 2765 M.
1964 2720 2036 2763 di·-

402 2782 510 2825 uina
532 2797 559 2825 a
580 2781 654 2825 chi
681 2782 829 2826 hebbe
865 2783 1016 2826 animo
1044 2782 1089 2826 di
1117 2785 1295 2839 pensar'
1321 2784 1416 2826 cosi
1438 2782 1575 2839 impia
1596 2773 1910 2833 sceleratezza‚
1942 2786 1988 2824 et
2009 2793 2040 2823 a

473 2937 482 2955 ¹
537 2935 602 2970 Ab
620 2935 693 2970 hoc
712 2935 833 2970 verbo
851 2935 899 2970 ad
913 2935 1241 2991 subscriptionem
1256 2947 1394 2983 usque,
1408 2934 1614 2971 cardinalis
1629 2946 1746 2970 manu
1760 2938 1917 2970 exarata
1930 2937 2037 2969 sunt.

470 2983 484 3002 ²
535 2982 595 3016 Ex
613 2982 839 3029 archetypo,
858 2982 898 3018 in
920 2982 1017 3018 Cod.
1046 2983 1108 3029 38,
1127 2983 1241 3020 unico
1259 2983 1328 3020 fol.
1341 2992 1439 3030 ‚104
1456 2982 1524 3028 (3).

468 3029 483 3049 ³
534 3028 583 3064 P.
607 3028 830 3065 Ludovicus
848 3029 897 3065 de
915 3030 1121 3066 Mendoza.
