2196 3522
931 302 964 344 7,
980 296 1094 342 Jmm
1122 294 1213 340 1562
1868 306 1917 342 99

277 394 475 451 position
503 396 577 441 del
609 397 757 442 Padre
783 397 1015 454 preposito
1043 397 1246 454 general,
1278 369 1344 441 no*
1370 410 1419 441 se
1447 403 1606 440 atreua
1632 400 1660 440 a
1677 397 1867 441 tomarlo
1887 412 1919 454 y

260 471 494 529 'gastar103
519 488 550 530 y
571 475 630 519 de
650 475 695 517 10
721 475 780 520 (10
810 477 942 519 hasta
971 478 1094 531 aqui,
1125 489 1214 531 que
1246 481 1386 531 tenga
1414 473 1611 518 cuidado
1633 475 1691 519 de
1711 475 1915 531 pagarlo,

279 564 462 607 aunque
483 565 576 594 non
596 553 657 595 sit
678 566 927 596 conseruus
948 552 1264 611 suffocandus,
1286 555 1332 595 vt
1354 551 1517 595 reddat
1539 551 1656 608 quod
1677 551 1799 594 debet
1823 553 1853 595 ¹.

370 640 411 683 3.
477 629 522 671 A
536 629 755 686 Louayna
767 629 916 673 scribo
933 644 991 686 oy
1001 634 1027 673 a
1044 630 1101 674 V.
1123 631 1178 673 R.
1188 662 1198 682 ,
1219 644 1248 686 y
1261 643 1319 672 en
1333 643 1387 672 su
1400 628 1609 672 ausentia
1620 629 1663 671 al
1677 630 1731 672 P.
1748 628 1916 672 Adria-

279 718 339 747 no
362 705 395 757 ²,
421 706 479 749 de
500 705 692 750 remittit
720 711 747 750 a
775 708 922 750 Roma
948 721 1079 751 cerea
1109 707 1166 750 de
1195 718 1281 750 200
1308 705 1492 750 florines
1518 706 1591 749 del
1620 706 1674 749 P.
1707 705 1916 749 Maximi-

278 780 400 826 liano
423 783 456 836 ⁵,
481 798 512 839 y
531 788 629 827 mas
649 784 708 829 de
730 791 855 828 otros
875 790 1042 837 tantos,
1067 784 1153 827 alo
1170 797 1260 839 que
1275 797 1398 837 creo,
1423 783 1481 826 de
1505 783 1677 826 fructos
1699 783 1917 827 decursos

278 860 335 902 de
358 861 406 903 M
413 869 451 902 .0
477 861 627 904 Pedro
649 861 794 906 Siluio
815 861 850 916 ⁴,
874 862 931 905 de
953 875 1007 905 su
1024 867 1169 905 renta.
1196 861 1384 916 Quanto
1412 860 1454 902 al
1475 859 1647 903 vender
1665 859 1709 902 la
1730 859 1917 904 hazien-

278 937 353 989 da,
378 951 428 982 se
450 939 637 982 hablara
657 940 714 982 de
735 939 921 995 palabra
941 953 999 982 en
1015 939 1202 990 Tremo,
1223 936 1459 994 plaziendo
1476 940 1502 980 a
1518 936 1646 980 Dios.
1668 938 1810 981 Temo
1826 951 1916 992 que

279 1028 338 1057 no
359 1015 428 1057 los
450 1029 536 1071 aya
556 1017 749 1072 gastado
771 1014 971 1059 tambien
993 1016 1035 1058 el
1057 1014 1274 1059 Adriano.

366 1104 410 1146 4.
477 1093 664 1149 Quanto
686 1097 712 1137 3
733 1092 939 1147 Colonia,
962 1093 1008 1135 10
1029 1107 1118 1148 que
1140 1098 1328 1136 nuestro
1351 1092 1497 1135 Padre
1518 1096 1736 1147 comenco
1758 1095 1784 1134 a
1802 1099 1915 1135 trat-

280 1175 348 1211 tar
370 1182 458 1212 con
478 1170 522 1213 el
541 1170 811 1214 cancellario
832 1170 906 1214 del
928 1171 1053 1213 R.m0
1081 1168 1358 1221 coloniense,
1388 1183 1418 1225 y
1439 1169 1482 1212 el
1503 1183 1553 1212 se
1575 1172 1791 1226 encargo,
1816 1173 1917 1212 sera

280 1245 387 1290 bien
408 1260 497 1302 que
519 1248 576 1291 V.
602 1248 657 1291 R.
682 1247 726 1290 lo
747 1246 919 1304 apriete
941 1260 1071 1290 como
1102 1246 1244 1302 mejor
1274 1245 1478 1302 pudiere‚
1510 1260 1599 1302 que
1622 1260 1673 1291 es
1700 1247 1756 1289 de
1787 1253 1916 1290 tener

279 1323 412 1380 lugar
433 1323 617 1380 proprio
637 1338 724 1368 000
746 1324 921 1382 yglesia
944 1326 974 1367 ⁵.
1003 1323 1118 1369 Mire
1135 1322 1319 1367 tanbien
1346 1337 1404 1367 en
1432 1324 1475 1367 el
1496 1325 1634 1367 modo
1664 1338 1752 1379 que
1782 1338 1839 1379 ay
1866 1337 1916 1367 se

280 1399 402 1445 tiene
422 1401 480 1445 de
500 1401 679 1445 admitir
700 1409 856 1460 gente;
881 1416 1052 1458 porque
1075 1402 1270 1458 algunos
1291 1402 1430 1444 saben
1448 1415 1564 1457 poco
1580 1402 1625 1444 10
1642 1415 1731 1457 que
1747 1402 1911 1452 hazen,

277 1492 308 1534 y
329 1492 392 1521 no
408 1492 458 1521 se
479 1478 545 1523 105
561 1478 742 1524 declara
761 1486 949 1524 nuestro
970 1478 1194 1531 instituto,
1220 1493 1249 1534 y
1266 1481 1330 1522 asi
1348 1477 1480 1522 dizen
1497 1492 1587 1533 que
1605 1492 1653 1521 se
1671 1478 1796 1521 salen
1813 1491 1915 1520 mu-

277 1556 404 1608 chos,
429 1570 459 1612 y
482 1563 608 1600 otros
629 1571 679 1601 es
700 1563 929 1602 menester
946 1558 1082 1601 echar
1098 1557 1131 1599 ⁶.

352 1689 362 1709 ¹
414 1687 477 1723 Ad
494 1689 718 1735 parabolam
740 1688 860 1732 servi,
884 1688 951 1736 qui
980 1687 1152 1723 debebat
1180 1687 1318 1723 decem
1349 1686 1469 1722 millia
1500 1687 1735 1722 talentorum
1762 1684 1914 1721 alludit.

238 1802 243 1803 ⁷
279 1747 464 1790 MATTH„
484 1747 633 1795 XVIII,
651 1747 773 1784 23-30.

349 1808 364 1828 ¹
415 1807 458 1843 P.
481 1807 677 1843 Adrianus
696 1807 998 1852 Adriaenssens,
1017 1807 1065 1842 de
1079 1817 1157 1854 quo
1174 1805 1330 1854 saepius
1348 1806 1388 1842 in
1406 1806 1466 1842 his
1485 1807 1771 1842 MONUMENTIS
1790 1816 1918 1841 sermo

279 1864 367 1901 fuit.

349 1926 363 1947 ³
413 1926 458 1962 P.
478 1926 766 1964 Maximilianus
783 1939 806 1963 a
824 1927 996 1974 Capella,
1017 1926 1129 1973 cujus
1148 1937 1314 1961 examen
1331 1926 1498 1961 habetur
1513 1925 1551 1960 in
1570 1924 1739 1972 append.
1755 1924 1790 1960 1.

349 1987 365 2007 ⁴
414 1985 516 2022 Vide
535 1986 620 2034 ejus
638 1999 819 2031 examen,
839 1988 918 2023 loc.
942 1986 1010 2022 cit.

348 2047 362 2068 ⁵
412 2046 467 2082 «Il
485 2046 624 2092 giorno
641 2051 833 2093 seguente
857 2046 987 2093 doppo
1009 2046 1072 2081 ch’
1097 2045 1330 2081 arriuammo
1352 2056 1375 2080 a
1392 2044 1571 2090 Colonia,
1587 2044 1612 2080 il
1632 2049 1766 2079 nostro
1791 2043 1916 2078 Padre

276 2103 363 2142 fece
381 2117 520 2154 sapere
537 2107 602 2142 all'
622 2107 875 2142 arciuescouo
892 2107 929 2142 la
947 2117 1017 2141 sua
1034 2110 1195 2149 uenuta‚
1214 2105 1240 2141 il
1254 2106 1343 2152 qual
1362 2116 1431 2152 per
1449 2105 1513 2140 all'
1533 2105 1627 2140 hora
1645 2103 1678 2139 si
1697 2108 1858 2139 trouaua
1877 2103 1916 2138 in

279 2176 356 2200 003
373 2164 544 2201 fortezza
565 2165 642 2202 (100
667 2167 782 2212 leghe
807 2166 909 2201 dalla
932 2165 1041 2209 cista,
1067 2170 1107 2200 et
1127 2164 1273 2200 uedere
1297 2175 1341 2200 se
1365 2175 1436 2200 sua
1455 2163 1637 2210 Signoria
1655 2164 1795 2198 uoleua
1813 2172 1916 2197 com-

277 2224 466 2261 mandarli
483 2225 632 2261 niente.
652 2225 837 2261 Mandolli
855 2237 878 2260 a
894 2225 978 2260 dire
995 2225 1068 2260 che
1092 2224 1124 2260 si
1156 2225 1446 2270 rallegrarebbe
1471 2224 1592 2259 molto
1616 2222 1656 2258 di
1681 2222 1856 2268 uederlo,
1875 2227 1917 2257 et

277 2284 360 2319 cosi
373 2284 571 2320 uenimmo
588 2286 663 2320 alla
681 2284 853 2320 fortezza
876 2284 1000 2330 detta,
1026 2289 1066 2320 et
1090 2284 1234 2331 perche
1257 2283 1484 2319 trouandosi
1509 2282 1535 2318 li
1554 2282 1676 2318 nostri
1693 2281 1734 2317 di
1751 2281 1916 2318 Colonia

279 2354 398 2380 senza
416 2345 548 2380 chiesa
566 2344 721 2392 propria
734 2350 774 2380 et
792 2345 912 2380 molto
930 2344 1061 2380 stretti
1074 2342 1115 2378 in
1128 2354 1233 2388 casa,
1248 2343 1298 2378 N.
1314 2343 1358 2379 P.
1374 2343 1408 2378 si
1426 2340 1549 2390 penso
1566 2342 1606 2378 di
1625 2346 1786 2377 trattare
1806 2351 1916 2387 sopra

279 2404 320 2439 di
337 2408 478 2451 questo
495 2414 568 2439 con
586 2404 654 2449 lui;
674 2415 770 2451 pure
788 2415 866 2440 non
884 2403 918 2439 si
936 2409 1100 2451 potette,
1120 2403 1262 2450 perche
1280 2402 1386 2450 dipoi
1403 2402 1443 2438 d'
1463 2413 1596 2438 essere
1614 2406 1717 2436 stato
1734 2399 1917 2435 mandato

279 2475 301 2498 a
318 2463 489 2499 chiamar
502 2463 528 2499 il
547 2463 688 2510 padre,
706 2475 952 2510 soprauenne
965 2463 1031 2498 all’
1056 2462 1308 2499 arciuescouo
1332 2463 1399 2497 un’
1430 2461 1634 2497 accidente
1657 2460 1696 2495 d'
1716 2471 1793 2495 una
1810 2463 1917 2494 certa

281 2522 493 2569 1010110113,
507 2534 618 2558 come
635 2523 743 2558 riseri
760 2523 786 2559 il
805 2534 876 2558 suo
893 2521 1143 2568 cancelliere,
1162 2521 1188 2557 il
1212 2522 1302 2569 qual
1320 2521 1486 2557 insieme
1506 2521 1566 2556 col
1584 2530 1655 2555 suo
1680 2518 1917 2555 maiordomo

279 2583 315 2618 ci
333 2582 419 2618 fece
436 2582 553 2629 festa,
566 2588 607 2618 et
624 2582 659 2618 si
677 2582 796 2618 tratto
812 2594 886 2618 con
904 2581 959 2618 lui
976 2582 1107 2629 quello
1130 2582 1203 2616 che
1227 2581 1261 2616 si
1280 2580 1433 2616 doueua
1448 2585 1586 2616 trattar
1610 2590 1685 2614 con
1703 2579 1729 2614 l’
1748 2577 1918 2612 arciues-

280 2654 395 2689 couo,
413 2642 650 2678 offerendosi
667 2642 722 2678 lui
739 2641 778 2677 di
796 2642 917 2677 molto
933 2642 1063 2677 buona
1081 2640 1212 2686 uoglia
1228 2640 1267 2675 d'
1286 2640 1435 2676 aiutare
1449 2639 1477 2675 li
1490 2639 1628 2682 nostri;
1648 2642 1688 2673 et
1706 2647 1820 2683 spero
1838 2647 1916 2671 non

278 2702 364 2738 sara
382 2707 484 2738 stata
500 2701 662 2737 indarno
679 2702 705 2736 l’
724 2701 866 2736 andata
879 2701 954 2736 alla
976 2700 1086 2736 detta
1103 2699 1290 2747 fortezza,
1309 2699 1590 2747 specialmente
1608 2708 1677 2744 per
1694 2697 1826 2743 quello
1843 2695 1915 2730 che

279 2768 390 2797 tocca
403 2761 478 2796 alla
494 2761 628 2796 chiesa
644 2760 707 2796 del
725 2759 894 2806 collegio
910 2759 1135 2795 coloniense
1153 2763 1194 2794 et
1211 2759 1389 2805 maggior
1402 2757 1478 2794 sito
1491 2757 1531 2793 di
1544 2757 1675 2804 quello
1689 2756 1761 2790 che
1776 2754 1917 2789 adesso

280 2826 490 2866 tengono.»
508 2820 567 2855 Ex
584 2819 807 2866 apographo
824 2829 973 2854 coaevo
990 2819 1151 2854 Romam
1178 2817 1313 2864 misso,
1332 2817 1373 2853 in
1402 2817 1500 2853 Cod.
1526 2816 1651 2861 PLB,
1669 2825 1716 2860 49
1734 2812 1819 2858 (317
1837 2815 1911 2857 v.).

349 2881 365 2902 ⁶
413 2879 568 2914 Revera
597 2890 676 2914 non
702 2889 764 2924 ea,
782 2890 859 2925 qua
875 2889 944 2925 par
964 2883 1062 2924 erat,
1080 2877 1285 2924 diligentia
1307 2876 1630 2925 periclitabantur
1646 2885 1720 2909 nec
1738 2871 1919 2908 institue-

281 2941 424 2975 bantur
442 2938 631 2975 Coloniae
648 2943 689 2974 et
706 2937 814 2979 alibi,
840 2937 1069 2985 praesertim
1091 2937 1133 2972 in
1156 2937 1382 2978 Germania,
1402 2936 1690 2979 adolescentes,
1708 2932 1775 2979 qui
1794 2931 1834 2967 in
1852 2931 1920 2967 So·

278 3000 466 3035 cietatem
484 2997 657 3045 cooptari
675 2999 941 3045 postulabant.
972 2998 1018 3033 In
1042 2996 1289 3033 examinibus
1311 2996 1587 3032 nonnullorum
1611 2991 1794 3039 (append.
1813 2991 1848 3035 Ι)
1864 2991 1920 3025 vi-

278 3058 394 3095 debis
413 3058 501 3094 illos
520 3058 606 3093 sine
624 3056 820 3103 examine,
839 3068 912 3092 nec
931 3056 1200 3104 spiritualibus
1219 3055 1419 3092 exercitiis
1439 3055 1479 3090 S.
1500 3051 1645 3099 Ignatii
1662 3052 1863 3098 probatos,
1882 3050 1922 3085 in

279 3118 523 3154 Societatem
539 3117 728 3153 admissos
742 3117 878 3152 fuisse.
896 3116 1013 3163 Quod
1026 3115 1199 3163 quidem,
1215 3117 1276 3151 vel
1293 3125 1544 3162 personarum
1565 3112 1639 3148 rite
1654 3111 1922 3147 institutarum
