2196 3522
0 581 2 596 *-
0 567 9 574 ι
0 555 3 560 ’
0 519 11 548 οι·-
0 432 18 503 ,ην-η

937 269 985 306 30
1010 271 1166 308 Mamm
1195 271 1286 316 1563
1813 281 1883 317 249

294 391 372 430 n0,
399 389 490 432 que
511 389 594 419 son
616 374 674 418 de
694 374 738 417 13
757 373 927 430 lengua
955 372 1158 426 tudesca,
1186 387 1217 429 y
1238 373 1474 417 Balthasar
1503 374 1696 417 bohemo
1722 375 1753 428 ¹,
1776 388 1864 429 que
1885 374 1930 418 13

294 454 404 496 sabe
433 452 557 505 bien,
582 452 701 494 ultra
727 451 786 495 de
813 450 858 494 la
885 464 1015 506 suya,
1044 464 1074 506 y
1102 450 1288 494 Andrea
1316 452 1520 494 Bohemo
1546 451 1562 472 ³
1578 485 1588 504 ,
1620 465 1650 506 y
1678 451 1930 495 Adalberto

295 532 498 574 Bohemo
519 526 760 585 ³,aunque
785 528 827 571 el
850 527 1010 571 filtimo
1043 542 1204 584 parece
1231 531 1443 583 querrian
1475 535 1654 573 retener
1682 529 1785 582 alla,
1820 543 1930 585 para

297 621 386 663 que
406 607 560 663 leyese
582 621 643 649 un
666 619 816 659 curso,
841 619 924 661 por
943 619 1017 649 ser
1033 618 1135 648 raro
1150 604 1352 661 ingenio;
1372 620 1468 649 mas
1484 605 1523 648 si
1540 606 1668 650 fuere
1684 612 1926 659 menester,

298 683 495 728 tambien
519 684 657 740 podra
678 683 814 727 leerle
835 682 937 726 alla.
963 681 1044 727 Sin
1065 685 1203 734 estos,
1228 683 1448 726 nombran
1471 687 1496 726 3
1518 683 1786 727 Hieronimo
1815 684 1925 740 Ros,

297 776 386 817 que
406 776 469 805 no
492 760 613 805 tiene
634 760 751 803 edad
772 774 880 816 para
901 773 974 802 ser
998 759 1249 811 sacerdote,
1269 773 1452 815 aunque
1469 759 1590 805 tiene
1607 761 1648 804 el
1665 760 1835 816 tiempo
1851 775 1925 804 or-

295 838 470 882 dinario
491 838 549 883 de
570 837 815 894 theologia,
840 851 871 892 y
891 836 1032 892 podra
1052 836 1204 889 leerla,
1229 839 1257 879 ό
1277 836 1344 879 135
1365 843 1500 880 artes.
1527 838 1580 880 El
1603 838 1672 880 8.⁰
1694 838 1833 893 podra
1854 852 1930 882 ser

296 916 574 968 Theobaldo,
600 914 821 958 thudesco
843 913 877 967 ⁴,
901 926 990 968 que
1011 926 1070 956 no
1094 912 1253 957 tendra
1273 916 1370 956 mas
1390 914 1448 958 de
1469 914 1551 957 dos
1574 921 1685 958 anos
1711 915 1769 957 de
1797 916 1926 958 theo-

295 993 433 1050 logia3
453 1006 561 1048 pero
583 991 712 1034 dizen
736 1003 824 1046 que
846 989 888 1033 16
908 989 1104 1042 hastam,
1128 1004 1158 1044 y
1181 989 1320 1045 podra
1339 1004 1393 1046 yr
1413 991 1665 1043 sacerdote,
1692 1007 1721 1047 y
1738 990 1775 1034 si
1800 992 1927 1036 fuere

296 1077 539 1122 menester,
564 1069 650 1112 alla
677 1081 726 1111 se
753 1067 894 1123 podra
921 1066 1133 1122 graduar.
1167 1066 1220 1109 El
1247 1066 1318 1124 9.⁰
1346 1081 1395 1111 es
1424 1068 1624 1111 Roberto
1654 1069 1861 1125 Agnetto
1890 1070 1922 1121 ³3

297 1162 393 1191 mas
415 1160 586 1204 porque
609 1145 728 1190 tiene
749 1145 792 1188 la
812 1145 982 1201 lengua
1004 1144 1223 1196 francesa,
1248 1143 1286 1187 si
1302 1143 1403 1188 bien
1422 1159 1495 1188 me
1517 1147 1729 1198 acuerdo,
1754 1153 1851 1190 este
1866 1160 1928 1188 no

298 1239 402 1269 creo
429 1238 479 1268 se
514 1222 727 1275 embiara,
766 1237 795 1277 y
824 1220 1022 1266 tambien
1053 1235 1111 1264 en
1140 1222 1283 1266 Roma
1310 1237 1366 1267 en
1395 1222 1461 1265 135
1490 1222 1672 1266 Ultimas
1698 1223 1834 1266 letras
1865 1237 1927 1266 no

299 1307 527 1346 muestran
550 1299 720 1344 tenerle
742 1313 823 1355 por
845 1305 922 1342 tan
944 1298 986 1342 al
1012 1298 1245 1354 proposito
1274 1313 1381 1354 para
1408 1299 1494 1343 alla
1524 1314 1658 1344 como
1686 1300 1756 1343 105
1785 1307 1922 1344 otros.

299 1379 459 1422 Ponen
480 1392 538 1422 en
559 1391 613 1420 su
634 1377 768 1433 lugar
794 1379 821 1419 a
848 1375 1131 1419 Christoforo
1159 1375 1400 1428 Strobelio,
1432 1377 1620 1421 tudesco
1649 1379 1682 1430 ⁶,
1707 1391 1796 1433 que
1817 1376 1929 1420 uino

296 1469 383 1498 con
419 1456 633 1510 Vanegas
667 1456 681 1475 ⁷
717 1453 775 1497 de
814 1452 1047 1508 portugal,
1087 1467 1117 1508 y
1144 1456 1242 1497 esta
1276 1466 1333 1496 en
1361 1454 1405 1497 el
1442 1453 1510 1509 3.⁰
1541 1461 1630 1497 3ῆο
1657 1455 1714 1498 de
1752 1455 1928 1498 theolo-

367 1665 377 1685 ¹
430 1663 654 1698 «Balthasar
676 1662 894 1697 Bohemus»
919 1661 1022 1696 inter
1045 1661 1332 1708 metaphysicos
1356 1662 1473 1698 etiam
1497 1668 1724 1700 recensetur
1747 1664 1786 1700 in
1813 1675 1927 1711 supra

294 1721 398 1758 dicto
416 1723 608 1767 catalogo.
627 1722 688 1756 De
712 1721 778 1756 illo
802 1721 898 1756 haec
921 1720 1028 1755 addit
1052 1719 1368 1768 Sommervogel,
1387 1720 1468 1757 ibid
1486 1733 1572 1768 pag.
1595 1731 1669 1758 x11:
1698 1723 1930 1759 «Balthasar

295 1780 539 1817 Hostounski
562 1780 847 1827 (Hosto-vinus)
872 1783 921 1815 ne
944 1791 966 1815 a
996 1778 1230 1815 Hostonnitz
1254 1792 1303 1816 en
1336 1779 1446 1826 1534,
1470 1786 1580 1817 entra
1610 1793 1658 1817 au
1682 1781 1854 1819 noviciat
1877 1794 1927 1818 en

299 1848 402 1885 1555.
431 1840 557 1886 Apres
581 1839 689 1875 avoir
712 1840 859 1875 acheve
886 1851 950 1875 ses
968 1838 1107 1875 etudes
1130 1838 1152 1874 3
1175 1839 1313 1886 Rome,
1337 1839 1362 1876 il
1387 1851 1661 1888 accompagna,
1690 1853 1739 1877 en
1766 1842 1869 1888 1564,
1891 1843 1928 1878 le

295 1899 464 1935 cardinal
484 1898 628 1935 Hosius
646 1899 742 1935 dans
761 1910 832 1934 son
849 1898 1079 1934 ambassade
1097 1910 1146 1934 en
1170 1899 1413 1946 Polcgne...»

365 1962 379 1981 Ξ
431 1958 632 1994 «Andreas
655 1959 874 1994 Bohemus»
902 1958 1060 2002 ibidem,
1087 1957 1127 1993 in
1150 1957 1287 1994 eadem
1310 1959 1441 1995 schola
1465 1959 1687 1996 nominatus
1711 1960 1922 2007 reperitur.

293 2017 402 2054 Idem
417 2029 504 2054 esse
520 2018 686 2063 videtur,
701 2017 812 2063 cujus
826 2029 991 2053 examen
1005 2017 1045 2053 in
1059 2016 1273 2064 appendice
1287 2017 1401 2064 hujus
1416 2019 1640 2065 voluminis,
1660 2031 1697 2055 n.
1717 2020 1748 2066 Ι,
1764 2021 1837 2056 sub
1854 2021 1927 2057 hoc

292 2078 448 2114 nomine
467 2078 679 2114 «Andreas
695 2077 925 2124 Piessynus»
943 2076 1153 2123 reperitur.

362 2138 377 2159 ³
427 2137 664 2173 Adalbertus
682 2137 853 2182 Bauzek,
872 2136 938 2183 qui
956 2136 1050 2171 alias
1074 2137 1251 2172 Baussek
1273 2140 1314 2171 et
1330 2137 1496 2181 Bautek‚
1523 2142 1565 2172 ut
1583 2137 1666 2184 ipse
1686 2138 1724 2173 in
1743 2138 1926 2175 examine

293 2196 465 2245 scripsit.
494 2196 596 2233 Vide
618 2195 771 2244 append
798 2223 808 2238 ‚
828 2196 860 2240 I;
886 2201 927 2231 et
950 2195 1166 2240 POLANCO,
1196 2194 1369 2238 Chron„
1396 2197 1465 2241 VI,
1484 2195 1567 2232 388.
1593 2197 1654 2233 Cf.
1681 2198 1798 2234 etiam
1822 2198 1927 2235 SOM-

293 2264 534 2303 MERVOGEL,
554 2256 629 2291 loc.
653 2255 738 2301 cit.‚
757 2266 846 2301 pag.
867 2263 937 2290 ΧΠ.

367 2318 383 2339 ⁴
430 2317 475 2352 In
492 2317 668 2362 catalogo
685 2325 842 2351 romano
858 2324 974 2359 supra
991 2317 1219 2359 memorato,
1242 2324 1336 2360 pag.
1365 2313 1402 2360 3,
1420 2314 1495 2349 601.
1524 2322 1538 2348 1
1560 2315 1588 2355 ¹,
1615 2314 1717 2350 inter
1742 2315 1926 2362 physicos

296 2375 402 2412 tertii
415 2375 505 2411 anni
518 2375 709 2422 reperitur
724 2372 994 2410 «Theobaldus
1009 2372 1250 2408 Germanus»
1265 2373 1381 2409 Hunc
1394 2373 1438 2409 P.
1455 2373 1766 2420 SommervogeI,
1777 2374 1923 2411 ibidem

297 2447 384 2482 pag.
404 2444 490 2480 xvl,
507 2436 562 2471 ait
579 2446 667 2471 esse
683 2433 951 2470 Theobaldum
969 2431 1078 2478 Stoz,
1095 2430 1207 2478 cujus
1225 2442 1404 2477 examen,
1423 2443 1525 2468 anno
1546 2433 1636 2477 1566
1661 2434 1716 2476 (ni
1740 2433 1927 2478 fallimur)

297 2495 498 2542 scriptum,
514 2496 635 2531 habes
653 2493 693 2530 in
710 2492 880 2541 append.
891 2520 901 2538 ,
919 2492 954 2528 Ι.

367 2555 382 2577 ⁵
431 2555 476 2590 In
491 2555 669 2600 catalogo
691 2563 849 2589 romano
867 2563 990 2598 nuper
1007 2549 1176 2596 laudato,
1194 2550 1296 2587 inter
1313 2550 1496 2598 physicos
1515 2551 1619 2587 tertii
1638 2552 1727 2587 anni
1748 2558 1809 2587 est
1827 2553 1925 2588 «Ro-

295 2615 430 2650 bertus
445 2613 623 2660 Agnetus
637 2612 839 2656 Flander»;
855 2611 895 2647 in
909 2611 1086 2656 catalogo
1099 2615 1230 2645 autem
1244 2621 1360 2646 manu
1373 2610 1518 2657 scripto
1532 2610 1706 2656 ejusdem
1722 2611 1922 2658 temporis,

294 2673 480 2720 scriptum
498 2678 559 2709 est
575 2673 769 2713 Annetus,
790 2677 830 2707 et
847 2682 923 2707 non
933 2670 1101 2717 flander
1119 2668 1188 2704 sed
1202 2670 1327 2704 italus
1338 2668 1493 2705 dicitur.
1510 2669 1572 2705 Cf.
1593 2670 1925 2717 SOMMERVOGEL‚

295 2735 366 2768 loc.
385 2731 469 2775 cit.,
487 2743 575 2779 pag.
594 2740 679 2768 xvl.
699 2732 890 2767 Polancus
909 2735 1040 2765 tamen
1058 2728 1097 2764 in
1116 2728 1281 2774 epistola
1298 2737 1340 2764 21
1362 2728 1605 2776 Septembris
1623 2729 1712 2774 1562
1728 2729 1776 2764 ad
1789 2729 1923 2767 docto-

293 2804 375 2828 rem
405 2791 553 2826 Madrid
581 2791 710 2826 datam
739 2789 895 2837 scripsit
925 2790 1099 2836 Agneto.
1136 2788 1196 2823 En
1225 2787 1310 2832 ejus
1339 2789 1473 2824 verba:
1507 2788 1702 2823 «Todauia
1731 2800 1870 2835 parece
1896 2791 1918 2825 a

293 2852 344 2887 N.
372 2851 420 2886 P.
442 2862 518 2898 que
537 2861 579 2885 se
598 2851 726 2885 embie
744 2861 835 2897 para
852 2853 982 2884 rector
999 2847 1048 2883 de
1073 2847 1257 2894 Louayna
1274 2848 1310 2883 al
1328 2847 1372 2882 P.
1399 2852 1567 2883 maestro
1591 2848 1738 2893 Jacobo
1763 2848 1925 2884 flamen-

293 2921 382 2945 co...
403 2909 487 2945 Con
504 2910 540 2944 el
563 2909 707 2956 podran
723 2921 769 2956 yr
786 2913 896 2944 entre
914 2909 972 2943 los
990 2906 1102 2942 cinco
1119 2917 1195 2953 que
1213 2906 1261 2945 v,
1282 2907 1330 2942 R.
1350 2907 1496 2950 senala,
1517 2907 1551 2941 61
1571 2906 1615 2941 Ρ.
1635 2907 1842 2943 Francisco
1859 2907 1923 2943 Ci-

294 2970 386 3016 pion
403 2981 429 3015 y
445 2969 618 3003 Roberto
637 2968 831 3013 Agneto.»
851 2968 908 3002 Ex
933 2967 1158 3012 archetypo,
1177 2965 1217 3001 in
1237 2964 1333 3001 Cod.
1353 2966 1476 3008 PLB,
1498 2974 1542 3010 59
1560 2964 1673 3010 (348).

367 3029 382 3050 6
433 3027 533 3063 Vide
551 3026 634 3073 ejus
653 3038 817 3062 examen
835 3025 875 3061 in
898 3024 1066 3072 append.
1079 3053 1089 3071 ‚
1107 3025 1138 3060 Ι.

369 3090 382 3110 ⁷
432 3088 492 3122 De
510 3098 557 3122 eo
575 3086 664 3121 vide
686 3086 816 3132 Epist.
841 3085 1003 3126 Natal„
1024 3084 1055 3130 Ι,
1074 3092 1160 3130 491,
1178 3082 1262 3128 663;
1282 3088 1321 3119 et
1338 3083 1454 3131 epist.
1475 3082 1560 3129 230,
1579 3095 1616 3118 n.
1637 3094 1672 3129 9.
