2196 3522
320 271 370 307 90
887 257 930 292 P.
958 256 1146 292 NATAus
1170 252 1390 291 Epnssuzn.

414 404 527 447 ⁴18²
1008 410 1275 443 METYMNAE

413 513 578 571 Reperi
613 513 765 570 egisse
792 527 897 556 cum
927 511 1244 555 fundatoribus
1272 510 1508 568 Quadrato
1537 518 1583 557 et
1612 526 1754 556 uxore
1782 513 1955 568 absque

321 595 397 639 vel
418 590 644 650 generalis
665 588 911 647 praepositi
938 589 1013 632 vel
1040 587 1331 646 prouincialis
1358 589 1589 642 facultate,
1615 604 1733 646 quae
1758 589 1956 633 libertati

323 668 568 717 Societatis
607 669 619 690 ¹
658 682 750 710 non
787 672 916 711 erant
953 671 1282 719 consentanea,
1327 679 1443 722 quae
1479 665 1566 710 fuit
1596 665 1762 711 dificile
1798 681 1954 711 emen-

323 750 448 792 dare:
474 753 521 791 et
541 752 611 790 est
633 744 814 800 quidem
836 743 954 787 serio
975 742 1375 800 praescribendum
1392 758 1449 787 ne
1480 744 1495 764 ²
1525 742 1571 786 id
1587 743 1786 787 audeant
1807 750 1955 787 recto-

324 841 411 870 res.
430 826 520 868 Res
537 829 666 868 erant
682 821 872 865 dificiles
888 820 935 864 in
950 822 1040 864 hoc
1057 820 1266 877 collegio,
1291 828 1475 878 propter
1498 822 1738 878 quemdam
1757 822 1954 874 Patrem,

322 902 399 947 cui
431 901 647 946 fauebant
674 899 681 957 Ι
708 898 896 942 nimium
925 898 1209 952 fundatores,
1241 899 1363 953 quod
1401 897 1594 942 faciebat
1625 913 1718 942 non
1754 897 1960 943 obtinere

324 994 455 1024 suam
476 977 748 1035 dignitatem
780 982 1019 1019 rectorem:
1051 990 1124 1020 res
1161 982 1231 1020 est
1269 982 1533 1032 temperata.
1570 975 1865 1019 Interdictum
1902 990 1960 1020 ne

324 1055 559 1100 fundatrix
579 1054 627 1097 in
647 1055 829 1096 hortum
852 1052 1143 1109 reciperetur,
1169 1066 1272 1095 cum
1296 1052 1394 1096 eius
1410 1052 1748 1106 beneuolentia,
1762 1059 1856 1105 etc.
1878 1053 1961 1097 Vi-

324 1132 479 1187 sitaui,
505 1138 593 1176 etc.

416 1210 505 1253 Hic
527 1208 681 1265 accepi
702 1207 855 1251 literas
876 1222 902 1250 a
924 1206 1145 1252 Roderico
1167 1213 1212 1250 et
1233 1207 1445 1261 Araozio,
1478 1207 1645 1264 quibus
1667 1213 1961 1264 properanter

324 1287 574 1331 reuocabar
594 1301 620 1328 a
641 1284 912 1328 visitatione:
953 1281 1160 1327 senatum
1197 1285 1375 1341 regium
1398 1299 1536 1342 aegre
1568 1286 1685 1328 ferre
1706 1291 1757 1327 vt
1787 1283 1960 1328 tamdiu

326 1367 561 1409 haererem
579 1362 626 1404 in
649 1361 885 1418 Hispania,
912 1375 1045 1416 quem
1069 1362 1313 1406 credebant
1334 1361 1422 1406 iam
1445 1361 1626 1418 abijsse:
1652 1377 1702 1406 se
1718 1376 1813 1405 non
1829 1375 1962 1419 posse

326 1439 510 1497 longius
532 1439 829 1483 intercedere:
865 1438 1023 1481 saltem
1060 1438 1267 1483 celeriter
1303 1439 1711 1499 CompluflSsstpm
1749 1437 1957 1482 redirem.

325 1517 451 1561 Nihil
473 1515 558 1559 fuit
579 1515 687 1558 mihi
709 1530 896 1558 nouum:
922 1515 1059 1558 statui
1082 1515 1244 1570 redire,
1269 1531 1327 1560 ne
1344 1530 1422 1560 eos
1439 1517 1732 1571 offenderem,
1751 1523 1797 1560 et
1813 1515 1962 1560 disce-

323 1595 481 1638 derem
509 1609 535 1636 a
569 1591 892 1645 moderatione,
925 1606 1058 1648 quam
1089 1591 1214 1648 prius
1242 1592 1370 1648 sequi
1399 1592 1702 1647 institueram3
1735 1599 1781 1636 et
1809 1600 1963 1637 tamen

327 1670 451 1714 volui
472 1670 661 1713 biduum
683 1669 790 1713 dare
811 1668 1058 1712 visitationi
1080 1669 1258 1727 collegij
1282 1669 1579 1713 vallisoletani
1602 1671 1634 1712 ³.

421 1790 533 1833 184
986 1803 1302 1833 VALLISOLETI

418 1901 565 1945 Biduo
587 1901 662 1944 hic
678 1901 853 1946 confeci
869 1900 1190 1945 visitationem.
1212 1904 1320 1946 Erat
1336 1905 1500 1960 hospes
1518 1907 1571 1948 P.
1592 1905 1829 1958 Gutierus,
1850 1918 1961 1961 age-

326 1980 407 2023 bat
422 1978 543 2023 enim
561 1992 743 2022 causam
760 1977 830 2021 sui
847 1978 1023 2035 collegij
1043 1979 1300 2034 placentini:
1321 1981 1676 2025 concionabatur
1691 1988 1843 2027 tamen
1856 1996 1961 2025 cum

331 2057 485 2099 fructu
502 2062 547 2100 et
564 2055 712 2098 laude.
734 2054 824 2098 Hic
845 2055 982 2098 statui
1005 2057 1242 2110 quemdam
1266 2058 1448 2102 Patrem
1465 2059 1539 2103 vel
1558 2059 1738 2104 mittere
1754 2060 1959 2112 Romam,

327 2133 403 2177 vel
424 2148 451 2176 a
474 2132 702 2177 Societate
723 2131 964 2176 dimittere.
985 2132 1102 2177 Vide
1119 2133 1314 2178 Suerum
1331 2149 1357 2177 a
1373 2136 1522 2192 Vega,
1541 2143 1586 2180 et
1603 2143 1759 2193 postea
1775 2136 1962 2181 fratrem

333 2211 524 2254 Petrum
546 2209 763 2252 Aluarem
787 2209 817 2251 ⁴.

418 2327 527 2371 185
1032 2342 1293 2383 cOMPLUTI,
1328 2342 1351 2386 5
1361 2334 1388 2373 ‚⁰

417 2439 507 2483 Hic
529 2439 704 2483 accinxi
725 2454 797 2484 me
819 2440 876 2483 ad
906 2440 1004 2484 iter.
1036 2443 1277 2487 Declaraui
1299 2444 1559 2500 prouinciae
1588 2447 1814 2492 Castellae
1840 2447 1959 2491 diui-¹

324 2516 500 2561 sionem
541 2515 588 2558 in
630 2515 761 2572 regni
804 2517 988 2560 toletani
1029 2525 1076 2562 et
1116 2519 1296 2563 veteris
1323 2521 1563 2575 Castellae,
1602 2523 1960 2568 commissarium

329 2596 380 2637 P.
413 2592 676 2647 Araozium,
715 2593 1036 2649 prouincialem
1066 2596 1229 2640 veteris
1258 2598 1483 2642 Castellae
1506 2601 1558 2642 Ρ.
1586 2601 1798 2654 Suarem‚
1829 2601 1962 2659 regni

328 2669 515 2714 toletani
538 2671 591 2714 P.
618 2670 1000 2724 Valdarauanum,
1027 2673 1205 2716 tametsi
1227 2674 1285 2718 de
1301 2676 1390 2718 hoc
1413 2690 1505 2718 non
1521 2675 1810 2722 mediocriter
1826 2678 1962 2722 dubi-

327 2746 442 2801 taui,
460 2753 508 2790 et
527 2745 827 2803 cogitauerim
847 2746 1118 2809 designa[re]
1142 2750 1355 2807 Egidium
1378 2753 1629 2809 Goncalem
1652 2756 1683 2798 ⁵.

402 2831 412 2851 ¹
465 2830 556 2873 Ms.,
573 2829 750 2865 Societis.

397 2891 411 2910 ²
464 2888 556 2934 Ms.,
571 2887 908 2936 praescribantur
925 2900 1009 2924 nec.

396 2948 411 2967 ³
462 2946 722 2992 SACCHINUS‚
743 2947 821 2982 loe.
840 2947 925 2994 eit.,
944 2960 982 2984 n.
1001 2948 1064 2994 64.
1091 2950 1174 2986 Fol.
1198 2950 1265 2986 183
1283 2964 1320 2987 v.
1342 2965 1508 2990 vacuum
1527 2956 1706 2993 relictum
1724 2957 1811 2994 fuit.

397 3008 413 3027 ⁴
463 3006 546 3041 Fol.
570 3005 638 3051 184
656 3017 694 3042 ν.
711 3016 852 3052 purum
869 3013 1064 3044 remanet.

395 3064 411 3085 ⁵
460 3064 718 3109 SACCHINUS‚
745 3065 819 3100 loc.
840 3065 923 3112 eit.,
943 3078 981 3102 n.
1001 3067 1059 3112 65.
