2196 3522
1102 254 1194 301 1556
1922 266 1973 303 49

320 363 425 401 rent
445 357 503 400 de
523 371 624 401 mea
651 357 949 414 profectione.
982 357 1154 401 Habito
1183 364 1432 410 conuentu,
1464 372 1545 414 per
1573 357 1652 402 84
1691 359 1971 403 Bustaman-

322 434 436 477 tium
474 423 797 478 renuntiarunt
829 450 878 479 se
915 435 961 478 in
989 448 1057 479 ea·
1071 449 1172 479 esse
1209 434 1452 488 sententia,
1483 442 1535 478 vt
1562 449 1651 492 ego
1682 436 1872 479 Romam
1909 450 1969 481 ne

317 512 449 564 irem,
475 512 557 556 sed
577 526 723 567 vsque
745 512 802 556 ad
824 519 1004 569 tempus
1027 511 1398 568 congregationis
1414 514 1648 557 haererem
1665 512 1712 555 in
1730 512 1968 569 prouincia

323 588 599 645 Aragoniae.
619 588 863 646 Displicuit
879 589 989 632 mihi
1005 589 1080 633 illa
1097 588 1278 632 illorum
1297 590 1485 632 Patrum
1502 589 1733 643 voluntas,
1750 596 1797 633 et
1812 589 1969 634 nescio

314 665 431 721 quid
453 665 713 722 suspicatus
734 650 852 720 sum,
878 680 1070 722 syncere
1096 680 1192 709 rem
1219 680 1311 709 non
1341 672 1552 711 tractare:
1583 666 1788 723 cogitaui
1809 674 1966 724 postea

317 743 504 787 fortasis
541 742 663 800 ipsos
699 742 789 786 iam
811 750 921 787 tunc
949 750 1180 800 spectasse
1211 750 1262 785 vt
1290 744 1462 788 Romae
1498 758 1591 788 non
1619 744 1749 788 fieret
1785 744 1963 798 electio,

313 821 442 876 quod
464 820 673 876 sequenti
695 834 815 864 anno
837 820 970 865 enixe
987 821 1340 865 contenderunt.
1360 821 1518 876 Itaque
1534 820 1646 864 nihil
1662 821 1961 875 dissimulaui,

310 904 364 940 ‘et
385 898 518 954 plane
540 897 794 954 improbaui
815 898 995 948 illorum
1018 897 1307 950 sententiam,
1340 904 1387 942 et
1403 911 1496 940 non
1523 897 1627 941 silui
1648 898 1961 953 offensionem,

309 989 452 1031 quam
474 975 581 1020 inde
602 971 916 1032 conceperam,
942 982 988 1020 et
1010 973 1103 1018 dixi
1125 988 1180 1019 eo
1201 973 1275 1018 die
1301 967 1382 1019 me‘
1396 975 1514 1019 velle
1540 974 1547 1032 Ι
1575 975 1815 1031 proficisci,
1840 977 1963 1032 quod

315 1058 362 1096 et
383 1052 487 1105 feci,
508 1067 614 1096 nam
635 1066 691 1096 eo
712 1051 786 1097 die
806 1051 913 1096 veni
937 1053 1277 1097 Torcrematam
1304 1053 1332 1095 ¹.

405 1129 680 1174 Succensuit
700 1127 810 1173 mihi
842 1131 894 1172 Ρ.
927 1128 1198 1172 Franciseus
1226 1135 1273 1172 et
1300 1128 1373 1185 alij
1405 1143 1564 1174 omnes
1594 1136 1777 1186 propter
1813 1144 1960 1175 meam

315 1206 587 1261 libertatem3
632 1220 721 1263 ego
761 1220 871 1251 vero
915 1213 1093 1250 tantum
1136 1205 1283 1249 abfuit
1323 1213 1374 1249 vt
1414 1206 1687 1259 modestius,
1732 1214 1782 1250 vt
1823 1207 1959 1251 etiam

316 1286 368 1327 Ρ.
395 1285 431 1328 F
434 1283 655 1336 rancisco,
688 1282 766 1339 qui
795 1282 1036 1327 videbatur
1057 1297 1238 1340 Vrgere,
1270 1283 1459 1327 dixerim
1487 1299 1562 1328 me
1582 1283 1708 1327 illum
1738 1284 1955 1338 reuereri,

312 1375 406 1404 non
428 1359 507 1416 qui
530 1359 683 1413 fuerit,
708 1357 819 1420 [sed]
842 1360 920 1416 qui
942 1366 1079 1413 esset,
1105 1367 1190 1405 etc.

371 1439 527 1494 Quum
562 1439 859 1482 vehementer
893 1445 1143 1483 metuerem
1175 1451 1233 1481 ne
1260 1438 1429 1483 malum
1460 1453 1629 1496 equum
1657 1439 1872 1484 haberem
1910 1439 1957 1483 in

309 1514 488 1568 itinere,
514 1522 560 1559 et
596 1516 780 1560 offerret
806 1514 917 1559 mihi
955 1518 1018 1560 M.
1052 1515 1305 1560 Montesiae
1337 1515 1577 1573 egregium
1606 1531 1792 1573 equum,
1828 1516 1954 1560 illum

304 1592 464 1649 accepi
492 1607 585 1636 non
621 1591 731 1636 satis
758 1592 1059 1647 considerate,
1090 1600 1135 1636 et
1164 1608 1237 1637 me
1265 1607 1375 1637 sane
1402 1593 1643 1650 poenituit,
1677 1593 1855 1638 tametsi
1882 1594 1957 1638 85

305 1669 443 1716 Senis
479 1670 606 1714 illum
634 1670 834 1714 dederim
865 1671 929 1729 (vt
956 1670 1173 1726 dixeram)
1202 1670 1559 1715 commendatori
1586 1671 1843 1724 cathalano,
1875 1670 1952 1727 qui

265 1774 273 1777 «
304 1747 475 1791 missus
497 1762 524 1791 a
545 1747 765 1804 magistro
787 1748 978 1804 gerebat
1001 1748 1099 1793 eius
1128 1746 1336 1804 negocia.
1369 1749 1687 1793 Torcrematae
1716 1748 1871 1802 febris,
1907 1754 1954 1792 et

303 1824 520 1881 pediculi,
546 1831 593 1869 et
614 1839 698 1881 pro
725 1824 936 1882 singulis,
961 1832 1049 1869 etc.
1083 1824 1308 1869 Postridie
1335 1825 1527 1869 auaritia
1555 1825 1602 1868 in
1630 1826 1822 1869 emenda
1848 1839 1952 1882 per-

303 1887 425 1954 dice,
457 1908 545 1945 etc.
578 1901 748 1959 Burgis
774 1901 1066 1946 discessimus
1097 1904 1150 1946 P.
1185 1901 1405 1956 Victoria,
1435 1903 1627 1947 Iacobus
1658 1903 1758 1947 eius
1796 1903 1949 1956 frater,

304 1979 541 2023 Gerardus
564 1978 732 2031 socius,
752 1986 798 2023 et
820 1993 925 2036 ego,
951 1978 1168 2036 postridie
1189 1978 1285 2023 diui
1301 1978 1548 2024 Michaelis.
1567 1981 1619 2024 In
1635 1980 1798 2024 itinere
1815 1994 1950 2024 casus

303 2055 412 2112 equi
435 2057 488 2099 P.
516 2055 746 2101 Victoriae
767 2057 1011 2100 admodum
1034 2055 1333 2113 periculosus,
1356 2063 1408 2100 vt
1428 2058 1583 2100 darem
1611 2071 1703 2115 ego
1730 2057 1949 2101 miraculo

297 2133 427 2189 quod
449 2132 562 2176 nihil
583 2139 705 2177 esset
725 2133 892 2177 laesus.
913 2135 1069 2178 Meum
1086 2132 1337 2190 periculum
1365 2132 1372 2192 Ι
1399 2133 1447 2177 in
1462 2133 1695 2178 montibus
1716 2133 1948 2178 ienuensi·

299 2209 407 2262 -bus,
432 2210 541 2253 dum
566 2209 804 2255 transirem
826 2225 986 2254 saxum
1008 2210 1253 2266 quoddam,
1279 2217 1367 2255 ete.

396 2287 659 2342 Antequam
697 2286 1036 2332 discederemus
1070 2301 1127 2331 ex
1164 2287 1401 2343 Hispania.
1432 2289 1484 2332 In
1520 2287 1698 2342 itinere,
1730 2288 1821 2342 hic,
1853 2288 1945 2341 hic,

297 2370 414 2416 etc.,
441 2371 487 2408 et
507 2363 809 2407 salutauimus
831 2365 1015 2409 fratrem
1038 2366 1096 2408 D.
1124 2363 1294 2420 Olauij,
1326 2371 1415 2410 etc.
1447 2366 1498 2408 In
1522 2365 1715 2409 transitu
1736 2365 1882 2422 fluuij,
1907 2364 1950 2408 ei

300 2438 500 2500 :porte[?],
519 2447 607 2485 ete.
629 2441 903 2498 Recepimus
919 2441 1073 2485 literas
1090 2456 1117 2484 a
1140 2443 1193 2485 P.
1221 2442 1441 2496 Polanco,
1461 2457 1518 2487 ex
1535 2442 1868 2496 commissione,
1895 2448 1947 2485 vt

300 2516 499 2573 collegia
519 2516 782 2572 inuiserem,
807 2517 943 2562 etiam
966 2532 1083 2574 quae
1112 2533 1205 2561 non
1226 2525 1356 2563 erant
1384 2518 1430 2563 in
1458 2526 1584 2563 recto
1615 2518 1793 2573 itinere,
1824 2518 1949 2575 quod

297 2593 548 2636 admodum
582 2594 668 2638 fuit
703 2594 996 2650 laboriosum,
1037 2602 1083 2640 et
1121 2598 1174 2639 P.
1202 2597 1384 2652 Laynez
1420 2595 1550 2650 dixit,
1591 2603 1679 2640 etc.
1721 2595 1946 2640 Venimus

302 2671 495 2713 Romam
524 2682 576 2713 10
597 2671 843 2715 Decembri
866 2671 917 2729 [s]
945 2673 978 2716 ².

370 2890 379 2910 ¹
430 2888 748 2935 TORQUEMADA,
778 2890 920 2926 villa...
952 2903 1002 2927 en
1036 2893 1073 2927 la
1096 2904 1211 2939 prov.
1243 2904 1270 2940 y
1293 2892 1463 2930 diocesis
1486 2893 1536 2929 de
1560 2891 1746 2928 Paleneia
1764 2890 1802 2935 (3
1830 2892 1944 2938 leg.),

297 2952 396 2994 part.
413 2946 502 2994 jud.
526 2947 575 2982 de
607 2948 806 2985 Astudillo
819 2948 887 2996 (3),
905 2950 999 2986 aud.
1032 2956 1130 2988 terr.
1159 2964 1186 2999 y
1204 2963 1239 2988 c.
1263 2963 1304 2998 g.
1330 2952 1380 2988 de
1404 2950 1625 2988 Valladolid
1654 2952 1751 2996 (11).
1774 2951 1946 2994 MADOZ,

293 3007 486 3043 Diccion.
497 3018 642 3054 geogr.

369 3068 384 3088 ²
435 3066 519 3104 Fol.
539 3065 586 3101 86
604 3070 731 3102 totum
750 3078 918 3103 vacuum
935 3068 1116 3105 relictum
1134 3069 1221 3106 fuit.
