2196 3522
995 262 1086 309 1546
1845 270 1857 296 1

981 526 1104 567 ΨΜ

847 634 918 692 [Ρ.
954 635 1228 679 NATALls

640 756 980 786 EPHEMERmEs
1014 753 1077 786 AB
1108 755 1238 786 ANNo
1258 742 1388 796 >1546
1424 743 1434 762 ¹

748 848 883 885 PARS
909 849 1076 885 PRIMA
1106 848 1324 894 1546-1557]

308 1010 406 1053 Fol.
432 1010 511 1054 23
957 1014 1102 1061 [1514ss

307 1106 384 1149 Ad
404 1107 528 1150 hunc
553 1119 696 1163 usque
716 1120 904 1160 annum,
929 1105 1100 1150 dictum
1124 1105 1172 1149 in
1193 1104 1403 1162 apologia
1424 1104 1482 1147 ad
1502 1104 1712 1147 doctores
1732 1102 1853 1158 pari-

140 1172 142 1175 ⁵
213 1181 406 1228 sienses.
448 1184 581 1227 Bulla
617 1183 946 1227 coadiutorum.
980 1182 1264 1227 Praedicatio
1290 1181 1339 1225 in
1366 1180 1543 1239 plateis.
1569 1179 1769 1238 Jacobus
1797 1180 1854 1222 ad

292 1357 302 1378 ¹
353 1356 412 1392 Ex
430 1357 686 1404 autographo,
705 1356 746 1393 in
767 1356 864 1393 Cod.
881 1366 918 1399 2,
938 1362 1044 1393 tomo
1062 1357 1094 1403 I,
1110 1367 1199 1404 pag.
1218 1363 1451 1392 xxw-xxvn
1467 1354 1681 1401 descripto.
1705 1353 1750 1389 P.
1776 1353 1854 1389 Na-

216 1413 306 1451 talis
323 1415 609 1463 Ephemeridm=
626 1415 666 1452 in
683 1416 780 1452 duas
793 1421 925 1464 partes
942 1415 1142 1464 dispertiri
1154 1414 1358 1452 commode
1376 1419 1555 1462 possunt:
1570 1413 1708 1461 prima,
1728 1413 1852 1448 multo

147 1505 149 1507 ,
210 1473 543 1522 compendiosior,
561 1487 625 1512 res
643 1475 850 1512 universae
868 1475 1078 1512 Societatis
1097 1477 1146 1512 ab
1163 1486 1266 1511 anno
1287 1475 1377 1520 1546
1390 1474 1440 1510 ad
1457 1473 1548 1519 1556
1560 1471 1851 1520 complectitur,

214 1533 357 1581 quibus
374 1533 527 1570 accedit
548 1533 672 1571 fusior
696 1535 890 1572 enarratio
913 1536 1130 1579 turbarum,
1153 1546 1253 1583 quae
1277 1539 1369 1571 ante
1391 1533 1555 1581 primam
1579 1532 1851 1579 congregatio-

215 1604 306 1629 nem
322 1594 549 1640 generalem
566 1606 590 1630 a
612 1595 695 1631 ΡΡ.
718 1595 922 1632 Bobadilla
939 1600 980 1631 et
996 1594 1137 1631 Pontio
1154 1594 1350 1631 excitatae
1366 1592 1527 1630 fuerunt
1543 1595 1683 1639 (1557),
1702 1592 1744 1628 ff.
1768 1591 1850 1637 1-48

215 1663 294 1688 non
323 1653 427 1699 sign.
455 1653 583 1701 Hujus
613 1654 761 1702 primae
791 1655 927 1703 partis,
957 1654 1007 1691 ad
1034 1655 1154 1691 finem
1182 1665 1307 1702 usque
1331 1652 1423 1689 anni
1456 1653 1562 1699 1556,
1590 1652 1669 1688 duo
1692 1656 1850 1688 exstant

209 1714 395 1760 exempla
423 1713 464 1749 in
492 1713 631 1750 eodem
660 1714 816 1750 codice:
848 1716 1016 1751 alterum
1044 1714 1325 1762 apographum,
1356 1712 1421 1749 cui
1450 1712 1619 1760 ipsemet
1643 1712 1693 1748 P.
1725 1710 1851 1747 Nadal

216 1783 333 1807 manu
350 1772 505 1820 propria
521 1773 591 1810 has
609 1774 789 1822 apposuit
812 1774 1106 1811 annotationes:
1132 1769 1246 1810 initio
1263 1772 1378 1821 primi
1390 1772 1487 1808 folii:
1510 1772 1563 1807 Lo
1582 1783 1656 1818 que
1679 1773 1780 1807 aum
1801 1772 1851 1807 de

208 1842 280 1867 ser
295 1834 409 1868 antes
425 1833 546 1875 desto,
566 1836 657 1869 stan
675 1846 726 1870 en
743 1835 874 1870 Roma
891 1835 939 1870 de
956 1835 1016 1870 mi
1032 1845 1155 1870 mano
1171 1836 1283 1869 entre
1301 1833 1360 1868 los
1372 1832 1536 1880 papeles
1552 1842 1626 1878 que
1643 1832 1683 1866 io
1700 1832 1796 1866 dexe'
1809 1830 1852 1865 al

218 1891 269 1926 P.
290 1891 477 1934 Bas-ticin,
497 1895 628 1929 rector
644 1894 710 1930 del
726 1894 916 1942 collegio:
931 1906 956 1940 y
974 1895 1014 1930 io
1031 1894 1208 1930 tambien
1225 1893 1264 1928 lo
1292 1892 1420 1929 embio
1441 1894 1469 1927 ά
1490 1892 1622 1927 Roma
1638 1893 1718 1939 por
1740 1901 1848 1925 mar.

216 1951 262 1986 In
279 1949 347 1986 fol.
365 1960 388 1996 9
405 1963 444 1987 v.
464 1957 504 1987 et
521 1952 589 1988 fol.
612 1961 655 1988 1ο
672 1955 770 1989 haec
787 1954 837 1989 ab
855 1953 995 1990 eodem
1012 1958 1198 1989 annotata
1215 1956 1418 1999 apparent:
1441 1951 1495 1987 Lo
1512 1962 1586 1998 que
1603 1953 1711 1987 resta
1724 1950 1851 1986 embio

212 2010 253 2046 io
270 2013 297 2045 ά
314 2011 459 2054 Roma,
472 2023 498 2058 y
507 2011 749 2059 fdcilmente
764 2024 804 2049 se
816 2014 947 2061 puede
963 2013 1116 2050 scriuir
1131 2013 1168 2048 si
1183 2024 1223 2048 se
1240 2013 1459 2060 perdiesse,
1471 2014 1626 2059 porque
1648 2021 1688 2046 es
1713 2009 1751 2045 lo
1777 2021 1851 2056 que

203 2071 326 2116 passe
341 2081 391 2106 en
409 2071 556 2119 tiempo
573 2084 647 2119 que
664 2085 736 2109 era
753 2073 790 2110 el
808 2074 946 2110 Padr'e
962 2074 1133 2115 vicario,
1147 2085 1172 2120 y
1186 2072 1530 2120 principalmente
1546 2071 1594 2107 de
1612 2071 1650 2106 lo
1673 2070 1721 2105 de
1744 2070 1850 2105 Pon-

211 2129 266 2164 tio
279 2141 305 2175 y
322 2130 556 2176 Bobadilla;
567 2144 593 2178 y
611 2132 650 2167 lo
673 2133 810 2168 demds
834 2144 874 2169 es
892 2135 1013 2180 parte
1036 2134 1084 2169 de
1111 2133 1149 2168 lo
1177 2133 1226 2168 de
1255 2133 1295 2167 la
1326 2131 1633 2179 congregation.
1663 2129 1774 2165 Hase
1802 2130 1850 2164 de

204 2189 363 2225 aaudir
379 2190 418 2225 lo
435 2190 514 2237 [de]
531 2192 697 2238 despues
713 2193 761 2228 de
779 2192 821 2228 la
837 2193 1143 2240 congregation,
1168 2195 1239 2228 etc.
1262 2191 1350 2227 Hoc
1373 2195 1661 2237 transumptum
1683 2189 1851 2224 habetur

208 2247 254 2284 in
277 2247 318 2284 ff.
347 2257 419 2295 1—9,
444 2261 523 2285 non
547 2249 622 2297 sig.
647 2251 692 2287 In
715 2250 788 2287 fol.
821 2259 864 2287 10
887 2263 927 2286 v.
953 2250 1105 2286 Natalis
1124 2261 1260 2289 manui:
1283 2249 1588 2286 Conseruanda.
1610 2248 1700 2284 Alia
1715 2258 1847 2283 manu:

213 2308 458 2355 Reponenda
475 2310 585 2346 inter
601 2310 773 2347 Diaria.
805 2311 850 2346 In
872 2311 948 2346 hoc
970 2310 1089 2358 priori
1114 2309 1343 2358 exemplari,
1366 2308 1640 2346 desiderantur
1663 2318 1724 2353 ea,
1749 2318 1848 2354 quae

209 2366 264 2402 ad
280 2378 424 2404 annum
445 2376 535 2414 1557
552 2375 747 2417 spectant.

288 2427 468 2464 Alterum
497 2430 712 2476 exemplar,
735 2434 862 2466 totum
886 2429 1037 2466 Natalis
1060 2440 1178 2465 manu
1202 2433 1403 2465 exaratum
1433 2433 1475 2464 et
1502 2426 1774 2475 frequentibus
1799 2426 1848 2461 ab

217 2485 303 2533 ipso
332 2487 673 2525 emendationibus
696 2489 947 2535 castigatum,
972 2494 1035 2525 est
1056 2487 1246 2535 originale
1275 2487 1380 2524 unde
1409 2487 1505 2524 illud
1533 2487 1641 2535 prius
1669 2484 1851 2522 transcri-

216 2549 327 2591 ptum
343 2544 432 2591 fuit,
449 2547 554 2595 quod
570 2548 719 2595 aliquas
736 2548 847 2596 parvi
863 2548 1052 2584 momenti
1068 2547 1266 2584 variantes
1281 2559 1374 2595 prae
1392 2559 1436 2584 se
1458 2547 1550 2593 fert,
1572 2557 1668 2594 quas
1691 2545 1849 2593 quidem

216 2603 473 2651 negligendas
490 2607 775 2655 existimamus,
793 2619 841 2644 eo
857 2608 962 2656 quod
986 2607 1028 2644 in
1049 2607 1248 2655 praesenti
1270 2607 1396 2655 prima
1419 2606 1592 2643 editione
1616 2605 1849 2653 Ephemeri-

210 2664 312 2699 dum
330 2663 457 2711 ipsum
475 2665 626 2703 Natalis
643 2668 927 2714 autographum
944 2667 1191 2703 exhibemus.
1238 2696 1244 2702 .

285 2723 580 2771 Autographum
593 2724 713 2772 igitur
725 2725 872 2774 primae
886 2726 1007 2774 partis
1021 2727 1338 2774 Ephemeridum
1351 2726 1517 2762 habetur
1530 2725 1570 2761 in
1584 2725 1625 2760 ff.
1642 2723 1750 2769 23-48
1768 2733 1845 2758 non

210 2782 316 2828 sign.
337 2783 382 2818 In
399 2794 467 2818 ora
483 2784 675 2831 superiori
690 2786 788 2822 haec
804 2797 875 2822 sua
891 2797 1009 2822 manu
1031 2785 1190 2833 scripsit
1212 2784 1378 2822 Natalis:
1402 2786 1469 2821 Ad
1494 2785 1600 2820 hunc
1626 2793 1747 2829 vsque
1774 2793 1846 2817 wn-

209 2854 312 2877 num
331 2841 461 2889 [1546]
477 2843 630 2879 dictum
646 2845 692 2880 in
708 2845 900 2893 apologia
916 2847 971 2881 ad
986 2846 1165 2881 doctores
1181 2845 1441 2893 parisienses.
1466 2845 1579 2879 Hanc
1602 2847 1734 2878 autem
1755 2852 1847 2888 apo—

214 2899 358 2947 logiam
374 2901 565 2938 hactenus
581 2913 660 2939 non
677 2903 860 2940 vidimus.
878 2905 930 2940 Et
945 2905 1044 2940 haec
1060 2904 1110 2940 de
1127 2903 1247 2952 priori
1259 2909 1369 2951 parte
1383 2902 1714 2951 Ephemeridum,
1733 2900 1846 2947 cujus

211 2959 307 2995 folia
324 2971 403 2996 non
420 2959 575 3007 signata
590 2960 714 2998 fuisse
727 2960 807 3010 jam
825 2963 1010 3000 diximus.

286 3018 469 3055 Secunda
485 3031 589 3067 pars,
612 3020 724 3068 cujus
746 3021 788 3057 ff.
812 3014 1095 3070 signata'sunt,
1117 3027 1273 3058 constat
1296 3022 1337 3058 ff.
1366 3029 1486 3067 1—207,
1509 3032 1650 3068 resque
1672 3020 1721 3055 ab
1744 3029 1846 3055 anno

219 3077 312 3124 1553
327 3078 377 3115 ad
395 3090 570 3115 mensem
588 3079 812 3126 Augustum
828 3081 921 3117 anni
940 3082 1031 3127 1562
1048 3094 1071 3117 a
1093 3082 1225 3118 Natali
1246 3081 1494 3129 potissimum
1517 3085 1651 3127 gestas
1677 3080 1846 3125 comple-
