2196 3522
346 294 393 332 32
910 294 954 331 P.
982 293 1172 330 NATALIS
1197 293 1419 329 EPHEMER.

347 398 508 442 uocaui
529 404 575 440 et
595 396 868 441 domesticos
890 402 937 439 et
958 393 1233 450 collegiales,
1259 392 1518 437 sacerdotes
1545 406 1717 447 omnes,
1747 383 1980 450 praeterea

343 474 483 518 laicos
505 473 792 527 domesticos,
812 479 859 516 et
879 471 1013 515 dictis
1040 469 1287 527 suffragijs,
1319 469 1542 526 eligerent
1567 483 1725 522 vnum,
1748 469 1826 525 qui
1853 470 1982 514 vices

345 557 524 608 gereret
560 557 605 594 et
642 549 880 594 adiuuaret
908 550 962 592 P.
994 547 1236 605 Ignatium:
1269 546 1480 590 omnibus
1507 545 1738 603 suffragijs
1766 546 1823 602 (si
1851 554 1975 592 recte

343 627 540 684 memini)
562 627 801 683 elegerunt
820 640 907 670 me.
935 627 1150 669 Praeerat
1170 638 1279 668 vero
1302 622 1551 667 conuentui
1568 623 1817 677 Bobadina,
1837 637 1973 679 quem

343 698 487 742 voluit
529 699 585 742 ab
626 697 841 755 suffragio
877 696 1060 754 passiuo
1102 696 1337 739 exclusum
1375 696 1428 738 Ρ.
1469 693 1689 751 Ignatius.
1736 694 1979 738 Commisit

347 778 399 819 P.
428 775 633 832 Ignatius
655 782 812 831 postea
841 773 1101 818 Bobadillae
1134 774 1164 827 ¹,
1191 772 1409 824 Polanco‚
1441 770 1550 813 mihi
1581 777 1628 815 et
1653 770 1811 827 paucis
1840 786 1977 828 prae-

344 859 468 897 terea
487 860 538 895 vt
558 852 899 895 consuleremus
917 851 997 894 42
1012 850 1130 893 inter
1146 863 1233 893 nos
1255 849 1377 904 quod
1398 862 1565 891 nomen
1586 849 1771 892 daretur
1791 848 1940 892 officio
1956 850 1977 870 ²*

343 930 465 985 quod
487 928 596 972 mihi
618 935 715 972 erat
736 927 1015 985 impositum.
1041 927 1127 971 Fui
1148 941 1237 983 ego
1259 933 1420 969 auctor
1441 932 1491 968 vt
1512 926 1705 979 nullum3
1731 938 1871 981 quum
1899 926 1977 983 alij

341 1006 560 1050 vicarium
587 1007 772 1059 vellent,
805 1005 877 1061 alij
912 1003 1269 1049 commissarium
1299 1003 1575 1060 generalem:
1607 1017 1706 1047 mea
1737 1012 1835 1048 erat
1859 1005 1999 1048 haec-

341 1083 472 1138 ratio,
503 1083 615 1126 nihil
652 1082 799 1139 magis
835 1097 935 1127 esse
971 1081 1277 1126 necessarium
1320 1079 1538 1125 Societati
1575 1095 1710 1136 quam
1747 1080 1979 1138 generalis

340 1158 614 1218 praepo[siti]
637 1158 966 1212 auctoritatem,
986 1173 1085 1203 eam
1101 1158 1226 1201 nulla
1242 1157 1416 1201 ratione
1437 1158 1604 1202 debere
1620 1157 1860 1211 debilitari,
1880 1165 1968 1202 etc.

341 1236 523 1293 Incoepi
551 1251 711 1293 gerere
739 1235 950 1292 negocia:
989 1234 1142 1278 venire
1173 1236 1230 1277 ad
1265 1249 1338 1278 me
1364 1233 1620 1278 ministrum
1647 1235 1904 1291 Goncalum
1926 1242 1977 1280 et·

342 1315 394 1357 P.
423 1314 689 1367 Polancum,
721 1320 809 1357 etc.
844 1312 1028 1357 Offendi
1058 1314 1109 1355 P.
1142 1311 1370 1368 Ignatium
1395 1325 1496 1355 mea
1523 1310 1530 1369 Ι
1557 1311 1899 1368 importunjtate
1925 1319 1977 1356 et

341 1390 651 1443 irreuerentia,
696 1404 835 1446 quum
878 1395 1055 1446 tempus
1097 1388 1314 1432 orationis
1349 1390 1670 1434 contenderem
1707 1390 1971 1446 augendum

341 1482 458 1522 esse,
490 1474 577 1512 etc.
610 1467 685 1511 Nil
713 1474 822 1510 tunc
850 1466 978 1520 dixit3
1010 1467 1091 1510 sed
1116 1465 1333 1523 postridie
1364 1467 1526 1509 acerbe
1548 1467 1563 1488 ³
1595 1480 1746 1510 coram
1783 1467 1978 1510 delectis

341 1559 413 1588 me
434 1544 737 1601 reprehendit:
763 1550 919 1600 postea
940 1558 1033 1587 non
1053 1543 1296 1587 admodum
1318 1558 1428 1587 vsus
1448 1550 1518 1587 est
1539 1557 1639 1588 mea
1665 1558 1817 1600 opera.
1851 1547 1972 1598 Poe,—

341 1621 577 1665 nitentiam
610 1620 734 1664 dedit
772 1620 891 1664 enim
928 1620 1148 1674 ministro,
1173 1627 1224 1662 vt
1256 1621 1521 1675 loqueretur
1563 1620 1649 1664 sibi
1686 1635 1791 1664 curn
1827 1621 1976 1678 primo-

343 1704 451 1741 tono
479 1698 510 1741 ⁴.
547 1697 698 1740 Edidit
726 1712 780 1742 eo
818 1703 1019 1753 tempore
1056 1697 1240 1740 modum
1269 1696 1436 1753 agendi
1463 1711 1567 1740 cum
1595 1697 1843 1754 superiore,
1874 1698 1971 1742 exi—

341 1773 475 1818 stimo
496 1780 679 1831 propter
699 1788 845 1819 meam
867 1773 1195 1818 immodestiam
1217 1774 1290 1816 vel
1311 1773 1715 1830 importunitatem;
1739 1782 1786 1819 et
1818 1782 1971 1821 tamen

339 1852 427 1894 hoc
449 1858 649 1907 tempore
675 1851 818 1894 multa
845 1856 967 1903 sunt,
999 1864 1072 1893 me
1103 1851 1342 1905 referente,
1367 1850 1489 1894 domi
1515 1850 1767 1896 immutata.
1798 1853 1871 1897 De
1897 1852 1969 1896 in·

341 1927 554 1972 uentione
590 1933 815 1971 tonorum.
856 1928 914 1970 Et
948 1928 1038 1970 huc
1075 1926 1290 1981 attinent,
1335 1943 1387 1972 ea
1425 1942 1541 1983 quae
1589 1929 1970 1984 quater43nione

338 2021 359 2043 α
391 2003 440 2063 [?]
463 2006 478 2026 ⁵
499 2011 607 2047 sunt
627 2010 858 2047 annotata.

428 2082 609 2124 Emerat
632 2083 685 2124 P.
711 2080 916 2137 Ignatius
937 2080 1116 2124 vineam
1134 2081 1190 2123 ab
1207 2082 1470 2126 Alexandro
1485 2083 1699 2136 hebraeo,
1719 2085 1967 2140 neophyto,

338 2164 384 2201 et
407 2157 666 2202 aedificauit
687 2158 871 2200 domum
893 2171 950 2200 ex
971 2157 1158 2200 consilio
1181 2159 1243 2201 M.
1275 2159 1547 2202 Alexandri:
1572 2159 1849 2203 existimauit
1870 2174 1975 2205 esse,

338 2249 450 2279 sano
466 2234 585 2278 loco.
598 2236 706 2277 Erat
724 2236 892 2277 Romae
909 2234 999 2277 don
1016 2234 1311 2287 Theotonius,
1335 2234 1511 2290 quinon
1528 2236 1736 2292 placebat
1758 2238 1812 2280 P.
1833 2238 1970 2294 Igna—

338 2311 417 2365 tio,
452 2318 498 2354 et
520 2310 616 2367 ipse
644 2310 775 2355 facile
802 2311 1165 2366 perturbabatur:
1198 2311 1458 2356 residebant
1483 2312 1531 2355 in
1553 2312 1653 2369 ipso
1674 2312 1891 2370 reliquiae
1912 2329 1968 2358 ex

336 2386 532 2443 dissidijs
560 2387 813 2444 praeteritis
841 2389 895 2430 P.
936 2387 1146 2432 Simonis:
1182 2387 1388 2432 exhibuit
1423 2389 1659 2446 negotium
1684 2392 1738 2433 P.
1769 2391 1963 2448 Ignatio.

337 2466 390 2508 P.
433 2463 663 2509 Simonem
710 2463 909 2508 intellexi
952 2463 1091 2508 fuisse
1132 2466 1303 2509 Romae
1344 2466 1590 2510 admodum
1630 2468 1967 2523 perturbatum,

336 2541 461 2597 quod
482 2555 574 2584 non
595 2547 748 2597 posset
774 2540 859 2583 sibi
886 2540 1147 2596 persuaderi
1173 2556 1265 2584 non
1295 2541 1434 2585 fuisse
1458 2542 1523 2585 illi
1546 2543 1710 2588 factam
1736 2543 1963 2598 iniuriam;

335 2631 428 2661 non
450 2617 590 2661 fuisse
626 2617 901 2660 credendum
937 2617 1231 2671 delatoribus,
1256 2625 1344 2662 etc.
1377 2620 1443 2662 Eo
1465 2634 1538 2663 res
1565 2620 1728 2674 euasit,
1759 2628 1809 2664 vt
1830 2622 1969 2665 domo

335 2693 514 2739 iuberet
537 2693 547 2752 Ι
574 2692 728 2754 [exire]
756 2693 985 2739 Simonem
1016 2694 1244 2751 Ignatius,
1275 2710 1380 2739 nam
1407 2697 1555 2741 noluit
1583 2704 1703 2742 stare
1739 2697 1969 2742 iudicibus

409 2797 418 2817 ¹
469 2795 833 2842 Ms.‚Babadillae.

404 2856 418 2876 ²
470 2853 779 2902 Ms.‚officium.

404 2914 419 2934 ³
469 2914 559 2958 Ms.,
578 2914 713 2949 acerbe
727 2924 803 2949 me.

402 2973 418 2994 ⁴
468 2973 578 3008 Haec
607 2972 849 3007 enucleatius
876 2973 933 3008 ab
964 2972 1049 3020 ipso
1083 2973 1262 3010 ministro
1297 2975 1492 3022 explicata
1521 2977 1612 3013 vide
1645 2977 1686 3014 in
1713 2978 1845 3024 Epist.
1882 2978 1965 3014 Na-

329 3031 422 3077 tal„
441 3032 473 3077 Ι,
493 3030 552 3076 37,
572 3036 704 3067 annot.
720 3030 756 3066 3.

400 3091 415 3112 ⁵
464 3089 551 3126 Non
569 3091 673 3126 clare
691 3090 860 3126 discerni
879 3097 1009 3138 potest
1027 3104 1075 3128 an
1092 3105 1127 3141 α,
1147 3095 1210 3130 vel
1229 3094 1335 3131 aliud
1352 3095 1481 3133 simile
1498 3096 1562 3132 hic
1579 3096 1766 3144 scriptum
1785 3096 1849 3132 sit.
