2196 3522
960 300 1003 329 12
1028 293 1140 339 Jum
1167 293 1259 337 1562
1375 325 1379 329 .
1861 298 1925 327 101

1046 439 1178 482 zoe

790 531 835 566 P.
862 529 1214 568 HIERONYMUS
1241 529 1428 565 NADAL

687 609 900 652 PATRI
939 608 1222 667 JACOBO
1270 608 1527 652 LAINEZ

823 705 1012 743 LovAun,
1040 704 1084 732 12
1107 705 1211 747 Jan
1238 694 1329 741 1562
1356 697 1386 731 ¹.

285 773 476 820 Epistola
491 775 588 810 haec
599 775 770 822 periisse
788 775 968 818 videtum
983 775 1053 810 sed
1069 785 1116 810 ex
1134 773 1283 809 litteris
1299 785 1326 809 a
1339 773 1519 809 Polanco
1532 773 1588 808 ad
1600 773 1651 808 P.
1666 771 1805 808 Nadal
1820 782 1840 818 3
1861 772 1930 809 Se-

275 833 278 836 ’
350 833 547 880 ptembris
564 834 686 876 datis,
706 845 808 880 quae
825 834 946 881 infra
962 845 1034 869 suo
1052 833 1135 869 loco
1147 835 1377 880 ponuntur,
1396 835 1550 868 constat
1572 833 1637 868 die
1660 841 1706 867 12
1719 831 1833 879 Julii
1853 832 1928 868 Lo-

355 893 478 928 vanio
491 892 681 929 Natalem
696 893 907 940 epistolam
922 893 977 928 ad
991 893 1160 928 Patrem
1178 891 1326 927 Lainez
1342 892 1510 927 dedisse.
1536 892 1840 938 Argumentum
1853 903 1927 927 au-

354 955 432 989 tem
446 953 562 988 illius
573 953 764 1000 epistolae
777 964 824 989 ex
837 953 939 994 alia,
954 963 1079 999 quam
1091 951 1312 993 Polancus,
1321 962 1368 987 ex
1381 951 1673 992 commissione,
1685 960 1727 996 31
1741 951 1925 999 Augusti

354 1012 410 1047 ad
440 1012 490 1047 P.
514 1011 684 1047 Madrid
705 1011 879 1059 scripsit,
900 1010 1019 1047 valde
1038 1010 1304 1058 probabiliter
1326 1009 1485 1046 desumi
1501 1012 1617 1057 posse
1630 1009 1926 1050 existimamus,

356 1071 425 1107 ubi
437 1072 485 1107 de
497 1071 614 1107 rebus
627 1073 664 1107 et
671 1071 858 1119 personis
871 1070 1118 1107 lovaniensis
1130 1070 1293 1118 collegii
1305 1081 1436 1106 sermo
1449 1071 1519 1105 est.
1528 1069 1594 1105 En
1607 1068 1728 1105 verba
1740 1069 1926 1105 Polanci:

382 1168 563 1210 «...Fra
583 1167 619 1209 li
638 1167 837 1224 soggetti
857 1166 935 1209 che
956 1166 990 1208 'l
1011 1167 1071 1209 P.
1097 1166 1153 1209 M
1155 1176 1216 1208 ‚ro
1239 1166 1383 1209 Natal
1404 1165 1657 1208 nominaua
1686 1164 1736 1207 di
1763 1165 1926 1217 Roma,

286 1258 372 1288 era
393 1258 486 1287 uno
507 1244 542 1287 il
561 1245 622 1287 P.
647 1243 704 1287 M
706 1253 767 1287 ,νο
793 1243 986 1288 Giacobo
1007 1243 1022 1264 ²
1037 1243 1293 1300 fiamengo,
1303 1247 1393 1299 per
1407 1245 1573 1285 rettore
1588 1242 1660 1285 del
1675 1241 1862 1300 collegio
1878 1242 1928 1284 di

290 1322 515 1365 Louam'o.
541 1321 642 1364 Ben
663 1321 707 1364 si
732 1334 800 1374 sa,
822 1320 900 1363 che
921 1325 1034 1364 sara
1047 1320 1191 1377 priuo
1213 1320 1247 1363 il
1268 1320 1455 1378 collegio
1475 1319 1519 1362 d'
1545 1333 1611 1362 un
1637 1319 1755 1362 buon
1782 1320 1926 1362 mini-

285 1401 386 1442 stro
393 1415 412 1455 ;
439 1398 634 1456 bisogna
653 1402 775 1454 pure
802 1397 880 1440 che
907 1398 950 1441 si
970 1397 1154 1440 estenda
1178 1397 1222 1439 la
1251 1396 1432 1440 charita
1454 1397 1593 1440 etiam
1623 1411 1706 1440 con
1737 1396 1927 1453 qualche

282 1475 540 1519 discomodo
561 1490 590 1518 a
606 1475 750 1532 quelle
770 1476 951 1518 nationi
978 1478 1103 1518 tanto
1124 1475 1371 1532 bisognose,
1392 1477 1434 1518 et
1442 1475 1598 1531 potria
1614 1488 1763 1518 essere
1779 1473 1858 1517 che
1875 1475 1924 1517 in

282 1553 436 1609 quella
458 1553 716 1596 vniuersita
729 1553 872 1609 piena
899 1552 949 1595 di
975 1552 1176 1610 giouanc‘
1203 1551 1341 1595 buoni
1370 1552 1571 1610 soggetti
1592 1551 1927 1610 guadagnassi

284 1630 414 1673 molti
434 1630 549 1674 detto
570 1630 729 1674 Padre
743 1634 832 1686 per
853 1630 899 1673 la
924 1630 1225 1687 Compagnia,
1248 1629 1465 1672 massime
1486 1643 1533 1673 se
1548 1643 1597 1672 se
1613 1629 1648 1672 li
1662 1629 1843 1672 dessero
1859 1643 1925 1671 un

278 1713 400 1764 paro
421 1707 470 1750 di
500 1707 700 1751 scholari
725 1707 775 1749 di
803 1707 1041 1764 theologia,
1073 1706 1151 1749 che
1182 1707 1374 1750 stessino
1404 1721 1487 1750 con
1518 1707 1585 1749 lui
1618 1707 1668 1749 in
1701 1707 1925 1759 Louanio,

259 1781 268 1783 s
284 1799 408 1828 come
429 1785 572 1828 anche
594 1785 635 1827 lo
657 1785 834 1828 ricerca
855 1784 970 1827 detto
991 1785 1051 1827 P.
1079 1784 1250 1827 Nadal.
1276 1785 1487 1827 Hauemo
1503 1785 1634 1837 uisto,
1659 1783 1927 1826 trouandoci

289 1863 340 1905 in
371 1876 468 1905 una
500 1862 679 1905 lettione
713 1861 762 1904 di
794 1861 1032 1919 theologia,
1063 1875 1160 1903 una
1193 1862 1574 1904 numerosissima
1600 1861 1839 1919 giouentic,
1873 1860 1928 1903 de

274 1939 423 1997 forsa
443 1951 546 1993 400,
568 1953 594 1982 o
615 1949 703 1994 500
720 1938 933 1992 scholari,
951 1952 1053 1982 cosa
1070 1938 1148 1981 che
1156 1939 1331 1997 saceua
1347 1938 1589 1982 desiderar
1605 1937 1792 1995 qualche
1808 1938 1926 1980 buon

276 2017 522 2072 piscatore,
542 2019 622 2059 etc.
658 2016 706 2060 V.
734 2016 793 2059 R.
818 2016 944 2059 auisi
965 2016 1110 2072 quello
1131 2015 1208 2058 che
1230 2016 1274 2059 si
1294 2018 1432 2072 potra
1450 2017 1546 2074 far
1573 2015 1699 2058 circa
1728 2016 1795 2058 cio
1820 2015 1922 2058 ³...»

357 2101 368 2121 ¹
420 2099 479 2133 Ex
498 2098 728 2145 archetypo,
747 2097 787 2133 in
808 2096 904 2134 Cod.
925 2098 1049 2140 PLB,
1069 2097 1216 2145 duplici
1234 2096 1302 2134 fol.
1322 2106 1364 2144 51
1384 2095 1485 2143 (328,
1504 2096 1603 2144 329).

357 2159 372 2180 2
422 2156 499 2193 Hic
517 2158 561 2194 P.
583 2158 771 2204 Jacobus,
789 2157 902 2204 eujus
920 2167 1139 2203 cognomen
1156 2168 1243 2193 raro
1261 2162 1302 2193 et
1326 2168 1531 2204 perperam
1555 2157 1743 2204 scriptum
1764 2156 1803 2192 in
1831 2167 1925 2191 mss.

283 2228 386 2264 quae
404 2216 574 2252 vidimus
592 2222 768 2264 apparet,
787 2222 848 2253 est
866 2216 985 2263 idem,
1010 2216 1059 2252 de
1082 2227 1160 2263 quo
1178 2217 1421 2262 DELPLACE,
1450 2216 1788 2252 L’etablissement
1812 2217 1859 2251 de
1884 2215 1927 2250 la

289 2275 540 2324 Compagnie
557 2277 660 2311 dans
678 2276 733 2312 les
752 2276 980 2322 Pays·Bas‚
1006 2287 1095 2323 pag.
1121 2276 1183 2322 4¹⁸,
1207 2276 1304 2311 haee
1329 2276 1545 2311 annotavit:
1573 2276 1766 2323 «Jacques
1790 2275 1927 2321 Schip-

287 2345 378 2370 man
395 2335 671 2381 (Navarchus),
691 2338 740 2370 ne
759 2334 780 2370 ὲ
799 2335 1055 2371 Hondschote
1079 2347 1128 2370 en
1156 2343 1261 2380 1520,
1286 2334 1411 2370 admis
1434 2335 1455 2370 a
1474 2335 1597 2370 Rome
1621 2347 1671 2370 en
1692 2342 1798 2380 1555,
1825 2340 1926 2369 mort

283 2405 310 2429 a
328 2394 484 2430 Anvers
503 2396 540 2430 le
562 2404 576 2430 1
599 2394 675 2430 mai
698 2394 809 2439 1576
835 2395 861 2430 il
886 2394 947 2431 fut
970 2400 1126 2430 recteur
1151 2406 1172 2429 a
1199 2394 1327 2430 Douai
1352 2400 1393 2431 et
1415 2406 1437 2430 a
1455 2394 1651 2430 Louvain.
1675 2395 1705 2429 Il
1725 2394 1831 2429 avait
1860 2396 1925 2430 ete

288 2452 468 2488 medecin
491 2458 611 2489 avant
634 2453 672 2488 d’
676 2459 808 2489 entrer
837 2453 934 2489 dans
964 2455 1001 2489 la
1031 2453 1295 2501 Compagnie‚
1325 2459 1366 2490 et
1395 2454 1420 2490 il
1446 2453 1588 2489 assista
1611 2453 1714 2489 saint
1737 2454 1880 2499 Ignace
1904 2465 1926 2487 a

286 2523 353 2548 ses
376 2511 552 2548 derniers
576 2497 788 2549 moments.
799 2526 816 2546 n
843 2512 1161 2549 Professionem
1151 2524 1191 2548 m
1213 2512 1393 2549 manibus
1408 2514 1454 2555 P
1469 2512 1656 2549 Everardi
1674 2512 1925 2557 Mercuriani,

281 2571 352 2607 die
373 2579 416 2606 10
434 2571 666 2607 Decembris
690 2583 792 2608 anno
819 2572 924 2618 1564,
943 2583 1190 2619 nuncupasse
1207 2577 1362 2609 constat
1379 2585 1429 2608 ex
1445 2573 1625 2619 catalogo
1643 2571 1922 2619 professorum,

285 2631 327 2667 in
349 2631 475 2666 Varia
487 2631 673 2673 historia,
689 2631 742 2677 11,
761 2639 826 2676 115
841 2643 884 2666 v.
905 2631 1005 2667 Vide
1019 2631 1188 2679 append.
1204 2632 1256 2678 11,
1271 2637 1312 2668 et
1325 2632 1488 2668 Natalis
1503 2633 1733 2679 Ephemer.,
1749 2641 1842 2677 pag.
1861 2630 1922 2676 96.

357 2690 371 2711 ³
421 2688 635 2736 Scripsisse
666 2689 822 2725 videtur
845 2691 890 2726 P.
921 2690 1092 2735 Madrid,
1117 2690 1369 2727 difficultates
1393 2690 1585 2737 objiciens
1611 2702 1660 2725 ne
1679 2690 1727 2724 P.
1751 2690 1924 2735 Jacobus

284 2750 409 2785 Roma
427 2748 674 2794 educeretur;
693 2761 783 2785 nam
797 2750 1004 2794 Polancus,
1020 2761 1070 2786 ex
1087 2750 1303 2798 commiss.,
1320 2759 1362 2786 21
1380 2749 1626 2798 Septembris
1639 2750 1736 2784 haec
1750 2747 1799 2783 ad
1812 2748 1923 2784 illum

283 2807 542 2844 rescribebat:
564 2808 810 2844 «...Todauia
828 2820 969 2856 parece
987 2812 1009 2845 a
1033 2809 1086 2845 N.
1116 2810 1161 2845 P.
1186 2821 1263 2857 que
1287 2821 1331 2846 se
1355 2811 1485 2846 embie
1509 2820 1602 2856 para
1625 2813 1754 2843 rector
1777 2807 1826 2843 de
1851 2807 1925 2842 Lo·

284 2879 412 2915 uayna
430 2869 466 2903 el
485 2868 530 2903 P.
550 2869 622 2903 M.⁰
640 2869 789 2915 Jacobo
806 2868 1009 2913 flamenco;
1030 2880 1177 2916 porque
1195 2879 1264 2916 por
1281 2869 1411 2905 medio
1435 2880 1535 2916 suyo
1561 2867 1681 2915 podra
1706 2878 1770 2902 ser
1795 2877 1924 2913 uayan

278 2921 388 2963 otros
406 2928 567 2963 muehos
584 2928 620 2963 al
638 2927 808 2974 collegio
825 2927 875 2964 de
892 2928 1032 2975 Roma,
1050 2929 1152 2964 ultra
1167 2928 1232 2964 del
1246 2929 1415 2965 seruicio
1438 2940 1515 2976 que
1539 2939 1590 2963 en
1614 2932 1719 2962 otras
1742 2936 1855 2961 cosas
1879 2937 1923 2961 se

282 2987 376 3023 hara
392 2988 416 3023 a
433 2987 530 3022 Dios
548 2987 598 3022 N.
617 2986 660 3022 S.
680 2987 766 3024 Con
783 2988 819 3023 el
838 2987 985 3034 podran
1001 2999 1063 3035 yr,
1081 2993 1194 3024 entre
1218 2988 1277 3024 los
1300 2988 1413 3025 cinco
1436 2999 1512 3035 que
1543 2987 1592 3022 V.
1626 2986 1673 3021 R.
1705 2986 1853 3028 senala,
1884 2985 1922 3020 el

284 3046 329 3081 P.
348 3046 557 3082 Francisco
575 3045 717 3093 Cipion
733 3058 759 3093 y
777 3047 950 3084 Roberto
969 3047 1155 3094 Agneto..
1164 3060 1198 3083 .»
1217 3048 1276 3083 Ex
1293 3049 1520 3094 archetype,
1539 3046 1579 3082 in
1606 3044 1702 3080 Cod.
1730 3043 1854 3086 PLB,
1876 3051 1925 3090 59

280 3103 402 3150 (348)-
