2196 3522
929 286 973 314 12
997 279 1112 326 Jmm
1139 278 1231 325 1563
1827 279 1898 327 307

1017 469 1138 511 284

733 569 781 606 P.
813 569 1054 617 JOANNES
1078 570 1150 606 DE
1173 569 1426 621 POLANCO

906 676 956 701 ex
971 665 1246 701 commissione

516 749 762 793 PATRI
813 749 1308 793 HIERONYMO
1362 749 1644 794 NADAL

795 857 1010 896 mnam-1,
1041 858 1083 885 12
1108 857 1214 893 surm
1242 848 1333 895 1563
1360 851 1388 886 ¹.

434 933 528 969 Tres
537 932 699 980 fratres
715 933 844 969 Roma
861 933 905 968 in
927 931 1195 968 Germaniam
1212 933 1342 970 missi.-
1359 933 1564 981 theologus
1581 933 1732 982 anglus

890 992 1042 1028 Romae
1058 994 1264 1040 aegrotat.

352 1077 449 1119 Pax
470 1075 574 1132 Xpi.
599 1081 686 1119 etc.
712 1075 779 1119 La
797 1081 1009 1132 presente
1024 1081 1298 1131 portaranno
1317 1087 1342 1130 3
1360 1074 1522 1120 fratelli
1539 1075 1789 1120 coadiutori
1806 1078 1895 1121 che

262 1151 301 1196 si
322 1153 546 1196 mandano
566 1151 612 1195 di
633 1153 793 1206 Roma,
818 1152 1015 1197 secondo
1037 1153 1122 1197 che
1143 1153 1201 1196 V.
1227 1153 1282 1196 R.
1301 1152 1347 1196 lo
1362 1151 1548 1198 ricerco.
1570 1154 1721 1196 L’uno
1738 1154 1763 1196 e
1780 1152 1894 1197 Gio-

261 1228 399 1273 vanni
422 1228 614 1273 Battista
634 1230 857 1282 Luchese,
882 1228 1080 1286 giouane
1100 1230 1240 1273 molto
1260 1229 1319 1273 da
1339 1230 1472 1283 bene,
1491 1237 1537 1273 et
1553 1229 1598 1273 d'
1618 1229 1768 1273 alcuni
1786 1229 1892 1273 anni

260 1306 451 1362 probato
483 1306 600 1349 nella
632 1305 930 1363 Compagnia,
965 1312 1011 1350 et
1041 1311 1137 1349 atto
1168 1321 1195 1350 a
1226 1306 1364 1350 molte
1392 1319 1513 1359 cose,
1545 1320 1674 1351 corne
1707 1307 1891 1350 uedera.

261 1383 432 1426 L’altro
453 1383 480 1426 ὲ
502 1382 754 1426 Benedetto
776 1382 1093 1439 Parmegiano,
1119 1383 1150 1426 il
1171 1383 1305 1439 quale
1331 1397 1409 1427 era
1435 1383 1492 1427 de
1519 1383 1800 1440 professione
1827 1383 1893 1427 ci-

261 1458 437 1516 rugico,
461 1466 507 1503 et
528 1458 684 1503 auanti
699 1460 785 1504 che
801 1458 958 1503 intrasi
974 1459 1093 1504 nella
1108 1459 1393 1517 Compagnia
1409 1461 1590 1505 haueua
1606 1460 1895 1516 frequentato

259 1535 377 1580 assai
400 1543 551 1593 tempo
572 1536 614 1580 le
636 1535 909 1581 confessioni
930 1542 976 1579 et
992 1535 1315 1580 communioni.
1336 1537 1412 1580 Ha
1427 1535 1598 1580 seruito
1616 1535 1660 1579 in
1683 1537 1826 1580 Roma
1847 1536 1892 1580 di

258 1611 532 1666 infermiero‚
556 1619 601 1657 et
623 1611 668 1656 in
692 1613 829 1657 molto
850 1627 958 1656 cose
979 1612 1017 1656 si
1039 1615 1168 1670 potra
1194 1613 1458 1670 adoperare,
1490 1614 1656 1670 perche
1683 1615 1741 1657 ha
1768 1614 1892 1658 buon

257 1688 502 1743 intellecto,
526 1703 655 1733 come
676 1689 719 1733 la
746 1689 1021 1734 uederanno.
1055 1690 1160 1734 Non
1187 1690 1213 1734 ὲ
1239 1695 1361 1734 stato
1384 1689 1461 1746 pisi
1483 1691 1569 1733 che
1590 1704 1748 1734 mezzo
1771 1705 1890 1734 anno

258 1766 378 1811 nella
399 1766 697 1823 Compagnia,
723 1781 751 1810 o
773 1772 890 1811 sette
910 1765 1038 1820 mesi3
1063 1780 1137 1810 ma
1158 1767 1217 1809 ha
1237 1767 1344 1810 dato
1365 1766 1518 1810 buona
1538 1766 1829 1812 satisfatione.
1855 1768 1890 1810 Il

259 1841 326 1897 3.⁰
363 1843 389 1887 e
426 1843 760 1896 Barfflolomeo,
792 1842 910 1888 della
938 1843 1093 1886 Marca
1119 1843 1386 1896 d'Ancona,
1426 1843 1485 1888 de
1520 1842 1671 1887 officio
1698 1850 1888 1897 sartore,

257 1919 398 1963 molto
424 1920 549 1963 buon
576 1919 774 1976 giouane
799 1926 845 1964 et
878 1919 1096 1976 simplice,
1128 1933 1257 1965 come
1282 1920 1326 1964 la
1354 1920 1631 1973 uederanno,
1662 1927 1708 1965 et
1735 1919 1889 1964 auanti

256 1997 342 2040 che
363 1995 544 2040 intrassi
565 1996 683 2040 nella
704 1996 1005 2054 Compagnia,
1030 1998 1175 2041 anche
1196 1996 1261 2040 lui
1281 1998 1341 2040 ha
1370 1997 1657 2053 frequentato
1678 1997 1710 2040 li
1736 2011 1890 2040 sacra-
1971 2020 1975 2024 -

256 2072 412 2118 menti.
434 2061 472 2117 E
493 2079 613 2116 stato
633 2073 766 2130 pochi
787 2073 899 2118 mesi
925 2073 1132 2129 probato,
1157 2088 1231 2117 ma
1251 2087 1339 2117 con
1359 2074 1499 2118 molto
1526 2074 1680 2118 buona
1708 2073 1889 2118 satisfa-

256 2149 394 2204 tione;
419 2157 465 2195 et
486 2150 591 2193 tutti
611 2151 764 2194 hanno
787 2150 899 2195 fatto
919 2150 951 2193 li
973 2150 1068 2194 uoti
1099 2150 1214 2195 suoi.
1250 2151 1308 2195 V.
1344 2152 1399 2195 R.
1429 2150 1461 2194 li
1488 2153 1620 2207 potra
1641 2151 1888 2207 adoperare

255 2227 452 2270 secondo
468 2228 553 2272 che
571 2226 603 2269 li
624 2229 782 2284 patera
802 2226 881 2284 pisi
902 2226 1136 2284 spediente
1158 2241 1236 2283 per
1257 2226 1288 2270 il
1309 2226 1471 2271 diuino
1493 2226 1698 2272 seruitio.
1724 2228 1828 2271 Non
1849 2226 1887 2270 si

255 2303 419 2347 manda
441 2306 547 2359 quel
574 2303 756 2360 teologo
777 2304 980 2360 anglese,
1005 2305 1171 2360 perche
1193 2303 1231 2347 si
1252 2304 1278 2347 ὲ
1309 2304 1502 2348 amalato
1519 2310 1818 2361 grauemente
1838 2302 1886 2346 in

256 2380 400 2423 Roma
415 2380 448 2423 ².
469 2381 531 2426 Se
552 2380 641 2424 Dio
662 2382 796 2424 uorra
816 2382 901 2424 che
922 2379 986 2423 lui
1002 2379 1228 2437 guarisca,
1248 2379 1325 2438 gia
1338 2382 1492 2424 hanno
1511 2380 1670 2424 ordine
1686 2380 1732 2423 di
1754 2395 1881 2423 man-

256 2456 397 2500 darlo.
412 2457 588 2512 Questa
603 2471 695 2500 non
711 2458 737 2501 e
753 2471 832 2514 per
848 2457 962 2500 altro
979 2457 1134 2510 efetto‚
1155 2463 1201 2500 et
1216 2457 1325 2513 pero
1340 2457 1552 2500 hauendo
1569 2458 1681 2500 fatto
1694 2456 1884 2512 risposta

256 2532 347 2588 agl'
371 2533 483 2577 altre
504 2535 588 2583 che
608 2535 864 2579 haueuamo
886 2533 932 2577 di
954 2535 1010 2578 V.
1036 2535 1090 2577 R.
1116 2540 1161 2577 et
1183 2533 1257 2577 del
1288 2534 1436 2578 Padre
1458 2540 1599 2577 rettor
1620 2533 1665 2576 di
1687 2532 1880 2584 Vienna,

256 2623 349 2652 non
377 2609 439 2652 mi
466 2610 704 2655 estendere
731 2610 809 2667 pisi
829 2609 876 2653 in
896 2611 1026 2663 altro,
1051 2625 1196 2655 senon
1224 2609 1272 2653 in
1299 2609 1677 2662 raccomandarci‚
1709 2616 1797 2654 etc.
1823 2607 1885 2652 Di

258 2686 443 2739 Trento,
466 2685 498 2728 li
525 2699 575 2730 12
597 2686 643 2729 di
663 2686 852 2744 Giugno
881 2687 1007 2742 1563.

330 2812 341 2832 ¹
391 2810 450 2845 Ex
466 2810 653 2857 Regesto‚
675 2809 775 2847 cod.
798 2820 843 2857 33
860 2811 921 2857 d),
940 2810 1010 2847 fol.
1032 2819 1092 2856 70.
1112 2811 1157 2846 In
1175 2810 1362 2857 margine:
1382 2811 1455 2847 P.e
1475 2810 1634 2846 Natale.

325 2871 340 2891 ²
389 2869 561 2915 Joannes
578 2869 725 2915 Coxus,
743 2869 784 2905 ni
800 2869 982 2906 fallimur.
1002 2871 1062 2906 De
1080 2880 1127 2906 eo
1144 2869 1291 2906 dictum
1308 2874 1370 2905 est
1382 2869 1422 2905 in
1439 2869 1555 2917 epist.
1575 2869 1659 2915 265,
1674 2881 1714 2905 n.
1740 2877 1776 2913 23
1795 2866 1886 2913 273,

256 2934 296 2964 et
314 2935 398 2975 277,
416 2940 456 2964 n.
476 2937 511 2964 2.
532 2927 633 2964 Vide
650 2928 833 2977 append„
852 2929 884 2966 1.
