2196 3522
356 283 383 308 X
818 272 1074 308 PROOEMIUM
1099 278 1284 306 SECUNDI
1309 278 1537 307 VOLUMINIS

354 374 464 426 sius,
488 375 702 426 PolanCO,
718 388 745 431 9
762 374 888 429 Aug.
910 374 983 428 65,
998 372 1045 415 in
1062 370 1520 428 appendice.)—«Est
1537 371 1656 416 enim
1676 378 1771 416 tota
1787 372 1991 417 Lithwam

355 451 430 494 nia
452 451 722 506 quibusdam
744 449 979 494 horrendis
1001 447 1267 493 haeresibus
1289 447 1494 505 grauiter
1510 448 1693 493 infecta:
1714 464 1884 506 paucos
1899 450 1988 495 iam

354 528 400 570 in
423 542 476 570 ea
497 526 743 571 catholicos
765 526 960 582 reperire
982 525 1103 578 licet,
1129 540 1184 569 ex
1207 524 1505 568 nobilioribus
1526 525 1806 582 praesertim.
1832 527 1925 572 Sed
1941 534 1988 572 et

353 606 399 647 in
437 618 580 660 regno
608 603 748 646 nihilo
777 602 933 647 melior
966 609 1035 647 est
1072 608 1219 645 status
1256 601 1505 658 religionis,
1543 617 1678 658 quam
1717 602 1802 646 fuit
1832 610 1981 648 antea.

354 683 509 725 Ruunt
531 681 577 723 in
599 680 800 725 deterius
821 679 988 732 omnia,
1015 678 1320 723 sathanismus
1341 678 1480 722 sumit
1502 678 1637 732 vires,
1663 679 1864 735 quotidie
1884 681 1987 737 plu-

352 773 423 802 res
446 759 502 801 ab
523 757 760 801 haereticis
783 763 1064 814 occupantur
1086 756 1349 800 ecclesiae.»
1377 757 1531 813 (Idem,
1551 755 1714 811 eidem,
1734 758 1988 802 Decembre

358 836 489 890 1565,
515 835 562 878 in
584 835 953 891 append.)—<‹Le
975 848 1082 878 cose
1109 833 1167 876 de
1195 834 1238 876 la
1269 833 1492 890 religione
1520 833 1568 876 in
1599 834 1810 891 Cologna
1836 848 1989 879 vanno

351 912 687 970 pegiorando...
719 911 750 954 li
785 911 1050 955 catholici...
1092 918 1258 954 stanno
1290 924 1375 954 con
1414 912 1588 968 grande
1625 910 1985 955 sollicitudine...

352 989 454 1033 Neli
477 989 582 1032 stati
605 988 649 1031 di
672 991 707 1032 F
711 988 866 1032 iandra
887 988 960 1031 del
981 1002 1030 1031 re
1054 986 1264 1044 Philippo
1285 1002 1436 1031 vanno
1458 987 1731 1033 similmente
1750 988 1794 1032 le
1809 1002 1915 1032 cose
1931 989 1989 1032 de

351 1067 395 1110 la
423 1066 643 1123 religione
670 1067 726 1110 de
756 1066 844 1109 mal
872 1064 919 1108 in
940 1064 1197 1122 peggio...»
1230 1061 1324 1123 (Ad
1339 1065 1418 1108 fin.
1451 1064 1558 1108 anni
1593 1065 1985 1122 15'63.)—«Calvi-

352 1143 525 1186 nismus
546 1144 637 1187 late
657 1150 906 1199 grassatur,
932 1144 1046 1199 proh
1067 1142 1212 1195 dolor,
1232 1156 1289 1186 ex
1310 1142 1471 1187 Galliis
1492 1134 1539 1186 in
1555 1141 1849 1187 Germaniam
1865 1141 1986 1186 irru-

351 1220 470 1277 pit...
495 1220 662 1277 vbique
684 1221 742 1263 ad
763 1210 1085 1263 discessionem
1107 1219 1286 1276 parauit
1306 1219 1427 1263 viam
1449 1222 1657 1263 sathan.»
1685 1219 1931 1277 (Canisius,
1958 1233 1983 1276 3

352 1297 496 1354 April.
530 1297 857 1354 1563.>-Inter
873 1296 1136 1349 catholicos,
1156 1295 1263 1340 licet
1280 1311 1371 1340 non
1389 1297 1577 1341 deerant
1593 1296 1679 1340 viri
1694 1295 1885 1351 strenui,
1905 1295 1984 1352 qui

351 1374 456 1418 totis
477 1374 649 1417 viribus
670 1374 1000 1418 haereticorum
1022 1373 1262 1417 conatibus
1277 1373 1498 1418 obsistere
1514 1374 1783 1427 niterentur,
1803 1372 1850 1416 in
1866 1374 1986 1417 mul-

351 1451 407 1495 tis
439 1458 590 1496 tamen
618 1452 823 1495 defectus
852 1450 1069 1505 caritatis,
1101 1465 1280 1495 amarae
1307 1450 1353 1493 in
1386 1451 1650 1507 pontificem
1686 1450 1983 1508 suspiciones,

350 1528 714 1584 perturbationes
735 1535 893 1572 contra
914 1528 1118 1572 ordinem
1141 1527 1188 1570 in
1210 1527 1419 1582 concilio,
1445 1527 1583 1572 nimia
1605 1542 1716 1585 erga
1731 1527 1988 1571 haereticos

349 1605 624 1662 benignitas,
644 1605 848 1661 aliaeque
865 1605 982 1650 bene
999 1606 1170 1649 multae
1187 1604 1394 1650 miseriae
1409 1604 1577 1662 passim
1595 1611 1829 1662 apparent.
1851 1604 1985 1649 Prin—

349 1681 471 1738 cipes
508 1682 740 1726 reformari
778 1690 1006 1737 recusant,
1047 1682 1309 1739 pontificem
1346 1697 1455 1726 vero
1477 1681 1727 1727 *reformari
1764 1681 1988 1727 instanter

347 1759 594 1815 postulant.
622 1759 658 1816 (1
685 1766 731 1803 et
759 1773 810 1814 14
832 1761 950 1803 Nov.
983 1760 1110 1815 1562;
1138 1761 1194 1803 26
1216 1760 1366 1814 Febr.;
1392 1775 1420 1818 9
1442 1767 1488 1804 et
1511 1772 1568 1815 24
1590 1762 1739 1814 Mart.;
1772 1772 1822 1815 13
1849 1765 1895 1803 et
1927 1771 1984 1803 20

346 1835 511 1892 April.,
537 1849 565 1890 4
588 1837 714 1892 Maj„
741 1837 766 1879 8
789 1843 835 1880 et
858 1849 911 1880 22
930 1839 1058 1895 Jun.;
1086 1850 1158 1890 21,
1186 1847 1239 1892 25
1263 1846 1310 1881 et
1334 1838 1388 1880 28
1412 1838 1561 1894 Sept.,
1594 1837 1721 1892 1563,
1746 1836 1854 1893 etc.)

437 1913 690 1957 Cardinalis
712 1914 889 1958 Moroni
912 1914 1152 1970 prudentia
1183 1921 1229 1958 et
1256 1914 1480 1958 industria
1511 1929 1582 1958 res
1611 1913 1789 1958 concilii
1815 1913 1863 1957 in
1889 1926 1983 1958 me-

346 1988 433 2032 lius
455 1995 689 2032 mutantur
712 1991 783 2047 (20
802 1991 946 2047 April.
973 1992 1061 2047 63).
1088 1993 1336 2048 Imperator
1358 1991 1403 2034 in
1422 1991 1695 2047 quibusdam
1712 1990 1874 2034 litteris
1890 1991 1984 2034 Ro-

346 2081 464 2109 mam
486 2081 512 2109 a
533 2081 582 2111 se
604 2067 750 2110 missis
780 2067 841 2110 ait
871 2069 1086 2124 optimam
1116 2068 1391 2114 Germaniae
1419 2068 1734 2113 reformandae
1761 2067 1983 2111 rationem

343 2142 392 2185 in
414 2143 617 2199 collegiis
641 2144 885 2189 Societatis
901 2148 1012 2203 Jesu
1041 2146 1397 2203 multiplicandis
1435 2145 1678 2202 repositam
1717 2144 1802 2188 sibi
1839 2143 1984 2189 videri

342 2221 387 2276 (c)
411 2222 543 2264 Mart.
571 2220 658 2277 63).
693 2222 893 2265 Nuntius
921 2223 1149 2279 pontificis
1181 2224 1390 2268 Delfinus
1428 2223 1659 2280 praeclare
1694 2236 1776 2279 pro
1813 2222 1984 2266 tuenda

342 2303 527 2340 sanctae
548 2297 668 2342 sedis
691 2299 959 2344 auctoritate
981 2301 1199 2354 decertat,
1220 2302 1599 2356 commendatque
1616 2299 1742 2343 Patri
1759 2299 1908 2343 Nadal
1930 2306 1982 2342 ut

340 2372 499 2417 solidis
521 2375 802 2430 argumentis
824 2390 1050 2420 summurn
1073 2377 1335 2433 pontificem
1357 2376 1626 2421 universalis
1647 2375 1868 2420 ecclesiae
1897 2390 1979 2432 pa-

343 2457 511 2494 storem
534 2465 650 2504 esse,
684 2466 765 2507 pro
793 2466 1113 2508 germanorum
1141 2454 1459 2499 dissidentium
1487 2452 1816 2506 confutatione,
1851 2452 1978 2497 evin-

338 2533 415 2570 cat
445 2528 516 2584 (26
538 2529 692 2580 Febr„
725 2541 774 2583 13
804 2529 949 2585 April.
983 2530 1068 2585 63).
1099 2531 1247 2575 Libris
1275 2531 1461 2588 insuper
1489 2545 1515 2574 a
1551 2529 1688 2573 variis
1715 2529 1980 2573 doctoribus

337 2603 574 2647 catholicis
612 2604 812 2661 scriptis,
851 2607 1088 2660 Kemnitii,
1130 2608 1373 2664 Artopoei,
1411 2606 1661 2652 Monhemii
1698 2606 1981 2662 aliorumque

338 2695 366 2722 a
394 2680 590 2725 veritatev
622 2682 845 2725 catholica
881 2684 1186 2728 aberrantium
1225 2692 1398 2728 asserta
1425 2684 1727 2728 debellantur.
1761 2685 1868 2740 Quo
1898 2698 1981 2740 pa-

341 2763 415 2799 cto
457 2757 761 2801 catechismus
803 2759 1128 2817 archiepiscopi
1172 2761 1359 2805 toletani
1402 2760 1737 2804 Bartholomaei
1784 2760 1981 2804 Carran-

339 2848 407 2885 za,
434 2835 493 2877 O.
519 2835 568 2878 S.
594 2835 673 2887 D.,
699 2834 747 2877 in
768 2842 944 2879 secreta
966 2838 1325 2894 congregatione
1346 2838 1624 2895 approbatus
1646 2836 1800 2889 fuerit,
1826 2835 1980 2881 decla*

339 2916 464 2953 ratur
488 2925 514 2953 a
536 2911 737 2955 Polanco
760 2911 831 2969 (22
849 2914 957 2969 Jun.
985 2913 1072 2969 63).

427 2987 524 3030 Nec
547 2987 695 3030 solum
717 2988 775 3032 de
796 2989 932 3031 rebus
950 2989 1181 3045 religionis
1204 2990 1250 3034 in
1267 2990 1528 3043 Germania,
1549 2990 1631 3034 sed
1648 2989 1783 3034 etiam
1799 2989 1847 3032 in
1861 2988 1976 3033 Gal-

337 3062 411 3116 lia,
438 3062 579 3118 Italia,
606 3063 826 3120 Hispania
849 3074 893 3108 et
917 3065 1151 3109 Lusitania
1175 3067 1435 3122 frequenter
1456 3066 1627 3110 mentio
1649 3067 1700 3110 fit
1722 3066 1769 3109 in
1785 3065 1855 3109 his
1877 3063 1977 3122 epi—
