2196 3522
1027 311 1118 358 1562
1844 322 1893 361 95

344 449 462 493 188
955 463 1197 495 LUTECIAE

349 569 441 626 Hjc
461 576 558 614 erat
581 571 633 613 P.
660 570 721 614 N.
744 570 1098 628 generaliscum
1120 572 1177 615 P.
1201 571 1419 624 Polanco‚
1445 572 1498 614 P.
1525 570 1711 614 Godino
1732 577 1779 614 et
1801 571 1895 614 fra-

254 652 335 689 tre
351 646 605 692 Lndouico.
630 648 739 691 Erat
759 653 980 692 euocatus
999 663 1026 692 a
1046 662 1229 692 summo
1246 647 1464 705 pontifice
1484 647 1542 691 ad
1562 647 1824 702 concilium,
1849 655 1896 692 et

261 724 450 780 parabat
471 723 819 780 profectionem.
842 724 994 770 Retuli
1015 740 1086 779 ea,
1115 739 1234 776 Quae
1261 738 1446 781 egeram
1476 723 1659 768 Biliomi
1686 732 1734 770 et
1758 725 1896 769 Tolo—

254 814 338 844 sae
360 807 407 845 et
428 800 644 845 Rutheni.
670 801 801 846 Vidit
823 817 956 849 meas
978 801 1318 849 exhortationes
1349 801 1495 857 compl
1504 807 1702 846 utenses.
1738 802 1899 847 Voluit

256 884 311 920 vt
338 877 582 922 visitarem.
615 878 664 921 Id
690 878 776 922 feci
803 879 1018 924 breuiter.
1051 878 1263 924 Interfuit
1291 878 1370 923 vni
1406 885 1486 921 aut
1523 878 1651 922 alteri
1683 881 1898 923 exhorta-

261 954 390 999 tioni.
422 955 429 1014 Ι

353 1032 459 1088 dei
486 1048 652 1078 nouam
689 1034 972 1090 Angrenam:
1007 1031 1178 1089 placuit
1205 1032 1333 1075 locus
1362 1038 1409 1076 et
1435 1032 1599 1077 domus
1629 1032 1895 1090 amplitudo:

260 1109 453 1165 probaui
474 1110 745 1155 sententiam
767 1109 932 1162 Patris,
958 1116 1008 1152 vt
1029 1108 1120 1152 illic
1142 1108 1458 1153 institueretur
1481 1109 1742 1167 collegium.

356 1193 464 1250 Egit
486 1195 623 1237 Pater
642 1207 746 1237 cum
768 1191 985 1237 cardinali
1006 1192 1303 1249 Armignaco,
1330 1191 1407 1248 qui
1436 1193 1494 1236 ad
1521 1193 1670 1237 aulam
1699 1208 1756 1237 eo
1786 1200 1901 1238 tem—

266 1283 377 1325 pore
399 1278 599 1323 venerat,
624 1271 683 1314 de
703 1269 898 1327 collegio
918 1271 1127 1314 rutheno.
1151 1270 1308 1325 Itaque
1336 1269 1600 1314 inchoatum
1629 1278 1699 1314 est
1726 1278 1899 1327 postea.

266 1346 571 1392 Discessimus
592 1347 727 1391 simul
749 1347 1006 1391 Tornacum
1032 1348 1061 1389 ¹.

325 1466 441 1510 199
461 1480 496 1510 v
978 1479 1187 1510 TORNACI

357 1579 462 1632 Hic,
488 1595 560 1624 me
582 1593 685 1623 cum
708 1579 902 1624 Ximene
924 1579 1098 1631 relicto,
1123 1586 1393 1635 prosecutus
1421 1585 1490 1622 est
1521 1578 1606 1622 iter
1634 1593 1766 1622 suum
1800 1580 1904 1624 Tri—

230 1703 232 1705 ,
268 1657 457 1700 dentum
495 1658 633 1702 Pater
669 1671 772 1700 cum
807 1656 903 1701 suis
930 1663 977 1700 et
1008 1670 1109 1700 meo
1142 1656 1157 1676 ’
1193 1657 1461 1700 Bertraniio.
1499 1657 1566 1699 Ex
1599 1655 1760 1701 itinere
1791 1656 1905 1700 vidit

268 1733 512 1791 collegium
534 1733 815 1787 louaniense,
839 1733 1082 1791 collegium
1105 1732 1382 1786 coloniense,
1409 1732 1676 1786 treuirense,
1707 1746 1905 1791 magun-

235 1830 241 1831 *
269 1810 432 1864 tinum,
456 1837 515 1843 —
535 1836 595 1843 —
615 1812 648 1864 ³,
672 1812 857 1854 domum
885 1818 1211 1867 augustanam,
1242 1809 1485 1867 collegium
1509 1809 1829 1855 monachiense
1860 1816 1908 1856 et

271 1887 643 1945 oenipontanum,
668 1889 730 1932 ita
752 1896 903 1932 tamen
925 1894 975 1931 vt
996 1902 1085 1930 non
1109 1887 1328 1939 visitaret,
1354 1886 1465 1930 nihil
1487 1887 1622 1932 etiarn
1652 1888 1744 1932 fere
1775 1903 1907 1945 prae-

272 1964 506 2018 scriberet,
538 1964 689 2010 omnia
717 1980 826 2010 vero
854 1964 1086 2021 reijciebat
1114 1964 1171 2007 ad
1208 1978 1359 2007 meum
1397 1965 1646 2009 aduentum
1677 1971 1723 2008 et
1750 1964 1908 2009 visita-

274 2041 459 2085 tionem.
486 2042 683 2086 Tornaci
700 2041 842 2099 igitur
857 2040 1055 2095 visitaui,
1074 2047 1163 2084 etc.

362 2119 496 2162 200
558 2120 776 2163 Inchoata
796 2125 867 2163 est
887 2118 1053 2162 domus
1081 2117 1470 2162 commensalium.
1504 2119 1747 2164 Inchoatae
1774 2121 1910 2163 scho—

273 2197 359 2241 lae.
385 2195 490 2240 Dixi
512 2203 563 2238 vt
585 2210 695 2239 cura
719 2192 1006 2254 pecuniari[a]
1030 2195 1193 2238 domus
1223 2195 1598 2254 commensalium
1622 2197 1807 2241 daretur
1832 2211 1910 2240 ca—

262 2272 468 2326 nonicis,
493 2273 567 2317 vel
588 2272 772 2317 omnino
793 2271 928 2316 alicui
950 2270 1143 2316 seculari
1164 2270 1351 2314 homini:
1384 2286 1476 2315 non
1508 2273 1714 2316 fecerunt
1742 2279 1906 2317 tamen.

368 2350 550 2394 Acriter
570 2350 666 2406 egit
695 2350 815 2406 apud
832 2363 905 2393 me
922 2347 1124 2392 medicus
1141 2361 1305 2392 caecus
1322 2348 1379 2393 de
1395 2348 1494 2393 iure
1511 2349 1587 2405 filij
1608 2350 1838 2394 Hermetis
1855 2351 1912 2393 ad

209 2462 213 2465 ,
280 2428 404 2470 bona
430 2434 618 2483 paterna
640 2427 674 2481 ⁴,
705 2425 779 2469 cui
802 2432 1063 2469 constanter
1084 2424 1298 2481 respondi
1326 2441 1382 2469 ex
1410 2425 1634 2469 instituto.
1667 2426 1915 2470 Titubabat

281 2503 370 2546 iam
387 2510 484 2546 tum
501 2503 687 2546 alterius
701 2501 798 2561 [sic]
815 2502 936 2545 filius
953 2500 1216 2554 canonicus,
1236 2501 1444 2545 consului
1462 2509 1510 2544 vt
1537 2502 1543 2560 Ι
1570 2503 1804 2559 paululum
1822 2504 1915 2547 Co-

280 2579 447 2623 loniam
463 2579 565 2631 iret,
586 2586 632 2624 et
647 2586 768 2624 esset
784 2594 888 2622 curn
911 2577 1141 2621 fratribus.
1161 2577 1304 2631 Fecit,
1323 2586 1482 2635 postea
1497 2579 1638 2624 edidit
1653 2586 1776 2633 vota,
1789 2580 1917 2624 venit

280 2657 417 2700 etiarn
439 2658 645 2711 Romam,
669 2670 828 2700 verum
850 2669 1027 2711 semper
1057 2654 1207 2697 animo
1234 2654 1525 2699 inconstanti.
1558 2655 1767 2711 Denique
1794 2670 1917 2699 nunc

357 2778 365 2797 ¹
418 2775 505 2810 Fol.
533 2782 600 2820 199
616 2786 649 2810 r.
668 2785 836 2810 vacuum
854 2773 1034 2809 relictum
1053 2778 1131 2808 est.

352 2826 366 2856 ἲ
416 2834 494 2869 Ms.
506 2860 515 2878 ,
534 2845 597 2870 me
614 2845 717 2869 meo.

353 2895 368 2914 ⁵
417 2894 489 2928 Est
523 2903 667 2928 nomen
702 2893 869 2928 obscure
893 2896 1094 2926 exaratum
1120 2891 1226 2938 quod
1260 2892 1488 2939 dilingense
1519 2890 1707 2939 scriptum
1738 2890 1912 2928 videtur.

278 2952 362 2990 Sed
377 2951 589 2998 collegium
606 2951 704 2987 illud
721 2950 893 2987 nondum
916 2954 1010 2985 tune
1034 2950 1221 2997 temporis
1244 2949 1469 2987 institutum
1495 2950 1638 2997 fuerat,
1668 2961 1743 2986 nec
1771 2950 1821 2986 de
1851 2951 1918 2987 illo

284 3012 525 3048 mentionem
546 3010 641 3046 facit
663 3010 869 3054 Polancus,
887 3009 1054 3055 collegia
1076 3021 1099 3044 a
1116 3009 1261 3044 Lainez
1278 3010 1513 3057 perlustrata
1529 3021 1757 3056 recensens,
1776 3009 1816 3046 in
1839 3011 1922 3058 epi-

284 3072 389 3107 stola
406 3070 455 3106 ad
471 3069 670 3116 Borgiam,
687 3068 867 3104 Tridenti
885 3076 927 3113 15
947 3067 1117 3113 Augusti
1134 3067 1241 3103 data.

363 3132 380 3152 ⁴
427 3130 506 3165 Ms.
517 3158 527 3176 ,
540 3132 728 3176 paterno.
