2196 3522
297 263 368 312 432
867 263 1005 298 EPIST.
1033 261 1077 296 P.
1104 258 1376 296 NADAL——332

297 368 333 410 F
337 381 486 410 ranza.
509 366 542 408 Ι1
560 365 720 409 fiorino
738 378 984 422 pagaremo
1003 362 1044 406 al
1061 362 1176 406 Rdo.
1199 361 1346 406 Padre
1363 360 1655 418 prouinciale:
1675 368 1721 405 et
1739 362 1779 404 al
1797 362 1851 405 R.
1875 361 1928 404 P.

295 443 478 487 Canisio
499 442 529 485 11
553 455 608 497 23
631 456 715 485 con
741 453 764 497 5
790 440 916 484 taleri
938 454 1017 497 per
1038 439 1069 482 il
1097 438 1262 482 viatico
1290 438 1375 481 alla
1397 437 1540 495 prima
1561 438 1847 482 commodita.
1874 437 1930 482 Ci

297 521 355 564 ha
384 521 488 563 dato
517 521 575 563 N.
608 520 655 564 S.
688 519 718 561 li
749 518 899 576 giomi
927 517 1093 574 passati
1120 532 1182 559 vn
1210 517 1329 558 bono
1356 530 1506 572 pesce:
1538 518 1563 560 ὲ
1585 515 1782 573 giouane
1804 515 1849 559 di
1873 527 1925 559 21

295 599 419 649 anni,
445 597 619 653 grande
646 601 795 654 poeta,
820 603 866 639 et
894 595 1011 639 nelle
1039 581 1214 646 lettere,
1240 607 1369 637 come
1395 607 1552 649 penso,
1577 593 1702 650 greci
1729 600 1774 638 et
1801 592 1929 636 latini

297 675 386 718 ben
408 675 551 717 dotto.
578 675 654 717 Ho
672 673 790 716 visto
812 671 1024 729 stampati
1041 671 1116 728 gia
1134 672 1178 714 fa
1193 686 1253 713 vn
1271 671 1361 713 bon
1380 677 1531 727 tempo
1546 670 1646 713 suoi
1660 671 1794 714 versi.
1816 672 1929 714 Esso

297 757 367 794 sta
389 751 508 794 nella
528 750 672 807 prima
693 749 975 807 probatione,
1001 756 1046 793 et
1068 763 1117 792 se
1139 755 1269 804 porta
1289 748 1395 792 ben.
1421 748 1539 791 Fece
1556 762 1582 790 a
1599 762 1670 790 me
1690 748 1734 791 la
1750 748 1930 792 confes-

298 827 425 872 sione
447 827 661 884 generale
684 834 730 872 et
752 825 1054 884 grandissima
1074 824 1290 868 instantia
1316 824 1456 867 molto
1478 830 1628 880 tempo
1645 839 1725 881 per
1745 825 1933 881 es[se]re

297 904 342 947 di
364 904 523 957 nostri,
543 905 720 948 benche
744 905 867 947 fusse
884 903 962 960 piu
978 903 1104 946 volte
1122 902 1374 945 rimandato
1389 916 1468 958 per
1484 915 1674 958 pensare
1691 908 1736 944 et
1753 898 1933 961 es[se]re

297 982 487 1038 probato
510 981 693 1038 meglio.
720 982 755 1024 11
779 982 894 1025 Rdo.
924 981 1070 1024 Padre
1092 979 1368 1036 prouinciale
1385 978 1668 1032 desideraua,
1688 979 1868 1035 quando
1885 978 1934 1021 fu

297 1058 392 1114 qui,
417 1058 609 1103 liberare
633 1060 695 1102 M.
715 1059 888 1116 Jacobo
910 1058 1028 1101 della
1051 1055 1137 1110 23⁵,
1159 1045 1289 1100 'accio
1310 1056 1535 1101 studiasse
1561 1055 1609 1099 in
1637 1054 1866 1112 theologia
1887 1061 1934 1100 et

299 1135 581 1192 philosophia
602 1135 786 1192 meglio,
811 1135 1022 1178 hauendo
1045 1134 1161 1178 assai
1183 1133 1290 1177 boni
1313 1133 1484 1187 talenti;
1505 1149 1578 1176 ma
1595 1133 1732 1177 allora
1749 1147 1839 1175 non
1857 1146 1932 1176 era

297 1214 383 1255 che
406 1219 571 1269 poteua
593 1212 806 1269 supplire:
833 1213 992 1256 adesso
1015 1212 1076 1254 mi
1098 1225 1283 1257 occorse
1311 1219 1472 1268 questo
1500 1212 1558 1254 da
1586 1209 1663 1266 qui
1690 1225 1752 1253 vn
1780 1215 1930 1266 tempo

300 1289 414 1348 [sic],
435 1298 480 1334 et
502 1289 665 1333 scrisse
682 1290 724 1333 al
746 1289 1007 1334 medesimo.
1298 1290 1300 1292 ’

386 1379 428 1421 4.
494 1366 666 1411 Stiamo
696 1367 856 1411 adesso
884 1367 968 1424 nel,
986 1381 1161 1411 essame
1198 1365 1243 1409 di
1271 1365 1465 1425 scholari
1487 1367 1572 1409 che
1599 1359 1833 1410 restorono
1864 1366 1930 1410 fa—

297 1444 442 1487 cendo
464 1443 701 1488 assertioni
730 1459 810 1500 per
838 1444 867 1486 l'
894 1458 1101 1488 ascensu.
1137 1443 1406 1500 Monsignor
1433 1445 1442 1464 ¹
1468 1443 1509 1486 ci
1537 1458 1720 1500 compra
1748 1444 1933 1500 suppel-

298 1520 447 1564 lectile
470 1536 549 1577 per
570 1520 601 1562 li
624 1520 869 1564 conuittori
892 1528 938 1564 et
962 1521 1005 1564 fa
1027 1521 1042 1541 ²
1066 1520 1275 1566 conciare
1292 1521 1335 1565 13
1351 1535 1455 1564 0333
1472 1523 1557 1564 che
1574 1520 1612 1564 si
1628 1523 1686 1564 ha
1703 1527 1934 1578 comprata

302 1613 383 1654 per
404 1598 500 1641 loro
523 1612 737 1654 appresso
760 1599 833 1642 del
861 1598 1074 1654 collegio,
1099 1599 1141 1642 la
1163 1599 1296 1655 quale
1323 1598 1361 1643 si
1390 1599 1415 1642 e
1438 1599 1674 1642 commoda
1696 1599 1835 1641 molto
1855 1612 1935 1655 per

300 1674 480 1719 diuerse
511 1689 631 1718 cose.
664 1676 723 1719 N.
756 1676 804 1720 S.
836 1675 902 1718 sia
930 1675 1125 1718 laudato.
1158 1676 1223 1719 La
1252 1675 1393 1720 faccia
1421 1677 1566 1719 anche
1593 1676 1666 1720 del
1694 1674 1887 1732 collegio
1909 1675 1935 1718 e

303 1758 423 1795 tutta
445 1758 615 1794 mutata
642 1752 688 1794 in
717 1752 886 1809 meglio
915 1754 986 1795 ch’
1018 1753 1060 1796 al
1088 1760 1238 1810 tempo
1266 1753 1311 1796 di
1338 1755 1395 1797 V.
1424 1755 1477 1796 P.
1503 1752 1675 1797 Stiamo
1697 1752 1810 1805 sani,
1836 1752 1934 1795 laus

302 1829 539 1872 CHRISTO.
565 1829 658 1874 Sua
681 1828 839 1886 Signa
866 1831 989 1872 R.ma
1010 1830 1035 1873 e
1057 1829 1242 1874 liberale
1263 1845 1441 1887 sempre
1463 1837 1508 1875 et
1530 1829 1720 1873 sollicita
1737 1842 1816 1886 per
1838 1827 1928 1872 noi:

301 1906 344 1949 la
366 1905 675 1953 ricommando
697 1907 994 1950 humilmente
1017 1922 1042 1950 a
1064 1908 1120 1951 V.
1145 1910 1218 1961 P.,
1239 1909 1323 1952 che
1342 1907 1482 1951 faccia
1497 1909 1555 1951 N.
1578 1908 1626 1952 S.
1647 1921 1838 1964 pregare
1854 1920 1934 1963 per

299 1982 365 2025 lui
387 1990 432 2027 et
455 1997 605 2027 essere
627 1983 843 2039 participe
866 1984 922 2027 de
944 1983 958 2026 i
986 1984 1091 2028 beni
1113 1985 1230 2028 della
1248 1984 1546 2042 Compagnia.

393 2070 436 2114 5.
502 2061 590 2104 Per
613 2062 755 2103 Roma
777 2063 971 2106 hauemo
989 2061 1190 2105 mandati
1207 2061 1314 2105 duoi
1331 2061 1516 2119 gioueni
1533 2061 1578 2104 di
1595 2063 1768 2119 grande
1785 2068 1935 2118 espet-

301 2136 474 2181 tatione
496 2151 582 2179 con
604 2136 785 2180 licentia
807 2138 879 2180 del
903 2139 1017 2182 Rdo.
1047 2141 1098 2182 P.
1125 2140 1183 2182 N.
1211 2138 1385 2183 Stiamo
1416 2138 1493 2194 qui
1523 2139 1579 2182 26
1601 2139 1717 2182 della
1739 2139 1936 2195 Compa-

303 2213 411 2270 gnia
440 2227 525 2256 con
555 2213 692 2269 quelli
720 2214 827 2257 duoi
856 2215 1010 2271 nepoti
1038 2215 1082 2258 di
1110 2217 1168 2259 D.
1201 2215 1457 2259 FranciscO.
1490 2215 1544 2260 Li
1571 2215 1818 2260 aduersarii
1845 2230 1937 2258 non

303 2293 455 2334 hanno
477 2292 562 2335 che
583 2290 696 2344 dire,
722 2291 759 2334 si
788 2307 880 2335 non
910 2294 994 2336 che
1022 2300 1213 2350 spetano
1244 2294 1436 2349 qualche
1465 2308 1653 2338 excesso
1677 2308 1704 2336 o
1724 2293 1937 2336 scandalo

303 2369 359 2411 de
389 2367 403 2409 i
436 2367 594 2420 nostri,
630 2382 758 2413 come
789 2369 889 2414 dice
922 2369 1207 2427 monsignor,
1241 2371 1287 2413 lo
1321 2371 1452 2426 quale
1484 2371 1542 2414 N.
1579 2371 1626 2415 S.
1661 2370 1931 2426 prohibisca.

303 2444 457 2490 Siamo
479 2444 586 2487 stati
609 2446 747 2488 molto
778 2446 996 2490 consolati
1019 2448 1092 2491 del
1113 2449 1236 2491 bono
1264 2462 1507 2504 progressu
1530 2455 1575 2491 et
1603 2447 1757 2492 adiuto
1785 2449 1869 2491 che
1892 2448 1935 2491 fa

305 2523 363 2566 V.
392 2523 444 2565 P.
477 2521 552 2565 alli
583 2522 763 2580 collegii
790 2524 908 2567 della
935 2524 1168 2580 prouincia
1195 2524 1398 2581 superior
1425 2532 1471 2568 et
1497 2524 1543 2567 di
1570 2524 1767 2581 Dilinga.
1791 2526 1936 2583 JEsv—
1984 2575 1996 2583 ⁶

304 2613 514 2644 CHRISTO
537 2600 580 2642 lo
602 2600 811 2643 conserui
834 2608 879 2643 et
902 2608 1148 2658 augmente
1170 2608 1305 2656 tutto,
1326 2609 1371 2646 et
1393 2601 1466 2644 dia
1483 2603 1525 2645 la
1546 2617 1627 2645 sua
1645 2608 1774 2645 santa
1790 2598 1938 2658 gratia

304 2691 485 2732 sempre
502 2676 591 2720 mai
608 2692 634 2720 a
650 2678 706 2720 V.
731 2679 803 2730 P„
824 2679 867 2720 la
884 2679 1016 2734 quale
1033 2680 1178 2722 anche
1194 2681 1230 2722 s'
1250 2678 1429 2735 impetri
1446 2694 1532 2722 con
1548 2681 1590 2722 le
1611 2694 1694 2723 sue
1715 2677 1809 2737 [sic]
1833 2694 1939 2722 san-

303 2752 465 2796 tissimi
494 2752 717 2796 sacrificii.
750 2753 809 2797 Di
839 2755 1094 2811 Moguntia,
1126 2756 1250 2813 31119
1271 2755 1317 2798 di
1339 2758 1617 2800 Nouembre.
1644 2757 1781 2799 Anno
1810 2756 1938 2810 1563.

302 2830 364 2873 V.
392 2831 447 2873 R.
474 2844 635 2873 seruus
657 2836 703 2873 et
724 2830 843 2874 filius
865 2830 1097 2888 indignus,

1157 2911 1456 2953 LAMBERTUS
1479 2911 1704 2954 AUERUS.

380 3016 390 3035 ¹
442 3014 581 3050 Daniel
601 3013 768 3049 Brendel
788 3015 836 3049 ab
855 3015 1074 3061 Homburg,
1094 3015 1408 3063 archiepiscopus
1427 3016 1692 3062 moguntinus.

377 3072 391 3092 ²
431 3073 486 3119 fa
504 3073 678 3109 additum
695 3072 769 3109 fuit
787 3085 808 3108 a
826 3074 1007 3110 Polanco.
