2196 3522
355 261 428 299 570
972 251 1115 287 prs'r.
1147 250 1197 288 P.
1227 248 1378 286 NADAL

354 357 398 398 la
421 352 682 410 probacion,
705 366 764 395 en
799 353 1065 397 Salamanca
1091 351 1377 404 estudiando,
1407 366 1463 395 en
1494 351 1705 396 Palencia
1732 365 1819 395 aun
1843 365 1904 394 no
1923 365 1985 395 un

357 421 445 457 ano
481 412 780 456 confessando
808 426 838 467 y
858 410 1145 477 predicando,
1175 425 1205 466 y
1233 408 1289 454 en
1318 417 1415 454 este
1441 411 1633 477 collegio
1665 410 1934 455 estudiando
1954 425 1986 467 y

358 471 684 528 predicando...
711 483 782 527 29.
808 471 872 526 Sy
893 469 977 514 mis
1006 470 1190 536 fuercas
1210 484 1282 512 me
1309 469 1554 525 ayudasen,
1585 469 1730 513 siento
1751 485 1808 513 en
1829 473 1889 512 mi
1912 469 1983 512 in-

356 530 579 574 clinacion
596 534 620 573 a
642 504 905 585 qualquiera
926 530 1077 573 destas
1093 527 1306 572 misiones
1326 543 1355 584 y
1377 543 1532 584 mayor
1553 532 1579 570 3
1600 529 1643 571 13
1663 529 1719 572 (13
1740 529 1979 581 Alemana,

358 592 401 634 la
422 590 527 645 qual
548 604 574 632 3
595 589 692 632 dias
719 603 808 644 que
835 589 986 640 deseo,
1011 603 1040 644 y
1062 602 1142 643 asy
1163 588 1206 630 lo
1227 589 1285 630 he
1301 594 1544 643 propuesto
1561 591 1587 629 a
1603 595 1789 632 nuestro
1810 590 1860 631 Ρ.
1887 589 1982 631 Ν3-

358 650 446 693 dal.
467 650 638 706 Joseph
675 648 732 692 de
759 649 952 704 Ayala...
986 647 1122 704 [Solu]
1163 647 1205 690 6.
1246 647 1341 702 Soy
1378 647 1611 703 graduado
1648 647 1705 690 de
1732 648 1888 690 doctor
1925 662 1982 691 en

360 710 603 764 theologia.
629 705 718 765 [111,
746 708 847 760 810,
874 705 974 765 822]

378 806 382 809 .
455 779 490 810 1.
556 767 838 809 Laurentius
860 766 1189 808 Hermanseter
1209 762 1258 822 [?]
1285 765 1313 807 ¹.
1341 777 1382 807 2.
1410 763 1601 808 Circiter
1625 764 1748 818 26.3
1724 777 1764 818 3.
1790 765 1985 808 Germa-—

359 841 446 869 nus
468 839 653 878 suevus,
678 825 959 881 vulnigensis
982 823 1173 867 diocesis
1202 823 1598 867 constantiensis...
1631 835 1696 865 12.
1729 824 1864 866 Anno
1888 822 1985 878 57.θ

361 883 655 941 ingolstadii
645 900 692 927 1n
715 884 906 927 Bavaria
928 884 1046 926 circa
1068 884 1245 926 festum
1257 883 1304 927 S.
1333 882 1564 926 Michaelis
1581 882 1772 926 conveni
1789 887 1982 935 nostros,

359 945 446 988 sub
464 951 639 988 rectore
657 945 792 988 Patre
810 945 984 986 Thoma
1000 945 1035 986 F
1039 943 1170 985 lanch
1193 958 1217 986 3
1235 943 1420 984 doctore
1437 943 1698 984 Hermanno
1715 940 1987 984 confessario

362 1018 462 1048 meo
485 1003 821 1046 examinatus...
854 1015 919 1056 14.
947 1002 1170 1046 Sacerdos
1192 1016 1293 1044 sum
1315 1002 1462 1044 factus
1484 999 1710 1045 Monachii
1732 1000 1850 1043 circa
1867 1002 1987 1043 Mat·

363 1062 455 1106 thei
477 1061 665 1118 apostoli
694 1076 812 1104 anno
841 1060 1095 1117 praeterito.
1133 1071 1198 1115 15.
1234 1059 1511 1116 Ingolstadii
1543 1061 1736 1115 Pragae,
1762 1058 1982 1111 Viennae,

364 1121 608 1174 Monachii,
634 1128 679 1165 et
702 1120 819 1163 hoc
809 1136 855 1162 1n
877 1120 1070 1187 collegio
1093 1127 1268 1163 tantum
1291 1119 1371 1162 fui.
1402 1120 1494 1175 [1V‚
1521 1131 1592 1170 21,
1619 1118 1690 1175 22]

458 1193 493 1224 1.
558 1181 827 1223 Leonardus
864 1179 1135 1236 cognomine
1171 1179 1409 1221 Posclzius.
1452 1191 1493 1220 2.
1518 1175 1688 1221 Decem
1717 1183 1762 1220 et
1799 1184 1916 1220 octo.
1944 1190 1985 1232 3.

360 1241 635 1292 Germanus,
649 1241 861 1291 bauarus,
881 1238 1282 1290 ingolstadiensis..
1295 1250 1396 1281 .1.2
1415 1239 1532 1282 Sunt
1550 1243 1743 1292 quatuor
1759 1250 1865 1278 ann1
1882 1249 1985 1278 cum

362 1299 563 1351 dimidio,
589 1314 644 1342 ex
667 1313 756 1353 quo
778 1299 842 1341 fui
866 1312 1054 1354 recepus
1075 1312 1102 1340 a
1123 1298 1236 1340 Rdo.
1270 1299 1405 1340 Patre
1432 1295 1614 1339 domino
1637 1298 1773 1339 Petro
1802 1294 1986 1339 Canisio

362 1357 683 1413 Straubingae,
710 1364 755 1401 et
777 1359 832 1400 ab
856 1358 1013 1401 eodem
1036 1356 1199 1399 missus
1216 1356 1541 1413 Ingolstadium
1565 1356 1619 1398 ad
1638 1353 1878 1410 collegium
1902 1355 1987 1399 So-

362 1417 554 1470 eietatis3
580 1416 776 1471 denique
798 1424 898 1472 post
920 1429 947 1470 4
969 1430 1147 1460 menses
1167 1415 1332 1458 missus
1349 1418 1557 1466 Romam,
1579 1413 1642 1457 fui
1665 1413 1947 1456 examinatus
1963 1427 1990 1456 a

366 1479 418 1520 Ρ.
446 1477 695 1520 Polanco...
723 1488 789 1529 14.
816 1476 890 1518 Ad
913 1476 1086 1518 nullum
1109 1474 1311 1518 ordinem
1333 1481 1565 1531 promotus
1587 1487 1701 1516 sum.
1735 1482 1800 1527 15.
1827 1474 1874 1515 In
1898 1472 1990 1528 pri-

363 1535 448 1578 mis
466 1510 757 1591 Ingolstadi03
778 1541 879 1590 post
901 1548 928 1588 4
951 1548 1129 1578 menses
1150 1534 1313 1577 missus
1336 1533 1400 1576 fui
1424 1535 1626 1584 Romam,
1646 1539 1691 1575 et
1712 1531 1817 1575 inde
1838 1531 1990 1576 statim

363 1602 465 1661 post
487 1601 689 1638 exactam
712 1593 901 1650 primam
925 1593 1233 1649 probationem
1255 1592 1418 1636 missus
1441 1592 1505 1641 fui
1528 1594 1789 1642 Lauretum,
1810 1590 1887 1633 ubi
1908 1593 1991 1634 ha-

364 1653 505 1696 uitaui
528 1668 606 1709 per
627 1654 745 1696 duos
767 1667 908 1695 annos
931 1660 975 1697 et
998 1652 1167 1708 aliquot
1188 1667 1381 1705 menses;
1402 1651 1507 1694 inde
1528 1665 1635 1695 vero
1664 1649 1902 1693 Patauium
1926 1649 1991 1692 fui

361 1713 543 1766 missus,
569 1713 689 1756 unde
711 1719 814 1767 post
836 1726 1003 1755 annum
1026 1719 1233 1755 exactum
1257 1711 1419 1755 iterum
1439 1710 1502 1753 fui
1521 1712 1708 1753 Romam
1731 1715 1987 1762 reuocatus;

364 1772 441 1814 ubi
464 1786 566 1814 cum
593 1774 750 1814 Patres
772 1771 1076 1825 intelligerent
1097 1786 1170 1815 me
1192 1771 1238 1813 in
1253 1770 1385 1828 ‘Italia
1400 1784 1645 1824 numquam
1665 1770 1758 1812 fere
1775 1769 1890 1812 bene
1906 1769 1989 1810 113-

363 1830 533 1884 buisse,
559 1829 819 1886 praesertim
843 1830 1012 1873 aestivo
1035 1837 1250 1886 tempore,
1271 1829 1595 1886 Ingolstadium
1618 1828 1662 1870 in
1686 1827 1871 1883 patriam
1890 1841 1989 1870 sum

363 1891 608 1946 relegatus.
638 1889 774 1946 [Sela]
803 1902 843 1932 1.
875 1889 1048 1944 Studijs
1076 1888 1180 1933 dedi
1208 1903 1389 1944 operam
1411 1901 1439 1942 4
1460 1888 1605 1931 annis:
1630 1888 1809 1929 duobus
1837 1901 1989 1942 gram-

364 1949 572 2000 maticae,
607 1963 696 1991 uno
723 1948 989 1999 rhetoricae,
1022 1955 1067 1992 et
1094 1949 1234 1991 altero
1261 1948 1451 2004 logicae,
1484 1947 1644 2001 hisque
1673 1946 1719 1988 in
1746 1946 1986 1990 Societate.

367 2010 490 2061 Ante
518 2008 774 2063 ingressum
804 2021 926 2059 vero,
959 2007 1092 2051 etiam
1121 2022 1200 2063 per
1228 2007 1342 2050 duos
1370 2008 1463 2049 fere
1491 2021 1648 2057 annos,
1680 2019 1812 2060 saepe
1841 2012 1990 2047 tamen

363 2067 657 2122 interruptos,
689 2066 842 2109 studui
865 2066 1130 2109 rudimentis
1158 2066 1532 2122 grammaticae...
1567 2079 1606 2120 3.
1641 2066 1715 2107 Ad
1743 2063 1892 2106 studia
1919 2078 1991 2106 me

363 2126 511 2171 sentio
529 2125 768 2182 praecipue
785 2140 1074 2181 propensum,
1098 2125 1290 2169 maxime
1312 2126 1368 2167 ad
1390 2123 1711 2180 philosophica.
1737 2122 1830 2179 [1V,
1853 2123 1894 2174 8,
1921 2123 1986 2177 12]

461 2198 498 2228 Ι.
563 2186 818 2227 Ludovz‘cus
836 2186 1118 2227 Backrelius.
1141 2197 1182 2227 2.
1205 2184 1351 2227 Annis
1370 2185 1440 2250 36.
1463 2197 1503 2238 3.
1525 2183 1711 2227 Inferior
1728 2196 1987 2237 germanus,

363 2245 551 2295 flander,
573 2244 968 2287 rothornacensis..
980 2256 1081 2287 .1.2
1102 2245 1145 2287 A
1161 2243 1314 2300 vigilia
1332 2242 1411 2287 Sti
1423 2243 1610 2300 Joannis
1628 2241 1856 2297 Baptistae
1871 2239 1991 2283 illius

365 2303 549 2354 mensis,
575 2317 665 2358 quo
686 2305 741 2346 R.
770 2305 820 2345 P.
847 2278 1027 2357 Laynez
1045 2303 1215 2347 electus
1239 2302 1355 2345 fuit
1344 2317 1389 2344 1n
1411 2302 1684 2358 generalem,
1711 2302 1878 2344 Romae
1900 2299 1989 2356 [re-

365 2362 540 2420 ceptus]
564 2370 608 2405 et
631 2362 695 2404 fui
717 2361 1035 2406 examinatus..
1048 2374 1153 2415 ..14
1181 2363 1291 2406 Sum
1310 2362 1518 2405 sacerdos
1539 2359 1780 2415 indignus
1770 2374 1814 2401 1n
1831 2357 1988 2404 Socie-

366 2428 460 2466 tate
481 2423 643 2464 factus
676 2431 741 2475 15.
768 2420 852 2463 Fui
875 2423 1062 2474 Romae,
1088 2420 1358 2473 Florentiae,
1380 2423 1572 2477 Pragae,
1599 2418 1860 2474 Oeniponti,
1887 2420 1987 2462 Mo-

365 2480 567 2543 guntiae.
601 2480 693 2537 [IV,
719 2490 792 2534 45,
817 2481 890 2533 46,
915 2481 986 2536 49]

461 2552 497 2582 1.
564 2541 716 2583 Vocor
731 2539 991 2581 Ludouz'cus
1013 2539 1319 2582 Gerardinus.
1342 2550 1382 2581 2.
1405 2539 1579 2590 Annos,
1601 2544 1818 2592 quantum
1836 2549 1987 2579 recor—

366 2598 464 2641 dari
486 2612 538 2642 ac
561 2597 774 2654 colligere
796 2612 995 2653 possum,
1016 2604 1150 2640 natus
1174 2610 1242 2652 34.
1271 2611 1312 2652 3.
1338 2597 1533 2640 Natione
1554 2603 1599 2639 et
1620 2596 1762 2652 patria
1790 2595 1988 2639 leodien-

365 2657 462 2700 sis..
475 2658 550 2700 ..6
577 2660 704 2700 Duos
727 2658 886 2700 fratres
909 2663 1035 2699 extra
1058 2656 1330 2701 Societatem
1353 2658 1514 2708 habeo,
1541 2670 1680 2697 unum
1710 2655 1819 2698 iuris
1846 2654 1989 2698 licen-

368 2716 544 2769 tiatum,
566 2717 755 2758 alterum
772 2730 878 2757 mun
887 2730 938 2758 us
956 2715 1142 2759 rectoris
1157 2715 1203 2758 in
1221 2715 1429 2782 collegio,
1450 2716 1570 2782 quod
1587 2715 1739 2770 Leodij
1760 2721 1843 2765 est,
1859 2727 1988 2757 exer-
2010 2749 2019 2759 .

364 2782 561 2828 centem3
584 2775 743 2819 tertius
763 2774 810 2816 in
833 2774 1058 2818 Societate
1080 2781 1163 2818 est:
1189 2774 1479 2819 rhetorlcam
1468 2789 1514 2816 1n
1528 2773 1719 2830 collegio
1737 2770 1991 2816 tornacensi

365 2835 652 2889 profitentem
690 2832 947 2889 intelligo...
990 2846 1056 2877 12.
1090 2835 1191 2891 Jam
1221 2833 1423 2877 decimus
1451 2832 1602 2889 agitur
1629 2847 1791 2884 annus,
1822 2846 1878 2875 ex
1899 2843 1989 2885 quo

365 2893 556 2949 Louanij
582 2908 608 2936 a
631 2895 765 2936 Patre
787 2892 989 2936 Adriano
1012 2900 1220 2949 receptus
1243 2892 1323 2945 fui,
1344 2908 1370 2935 a
1391 2906 1483 2948 quo
1479 2869 1692 2936 ²³Romam
1710 2891 1890 2934 missus.
1915 2888 1990 2931 hic

440 3026 450 3046 ¹
500 3023 670 3060 Ultimae
689 3023 862 3069 syllabae
879 3022 993 3070 hujus
1011 3023 1253 3069 cognominis
1271 3021 1432 3058 confuse
1450 3028 1630 3058 exaratae
1647 3026 1750 3057 sunt.
