2196 3522
1048 227 1140 264 Ῐ554
1867 229 1912 265 27

875 364 1224 416 VALLISOLET1‚
1252 365 1313 407 2.⁰

366 474 579 530 Visitaui,
606 475 785 519 tametsi
807 475 941 532 pauci
963 483 1109 530 erant;
1134 489 1227 519 non
1248 475 1404 519 audiui
1426 483 1577 522 tamen
1600 477 1781 534 Araozij
1805 491 1913 522 con-

270 551 518 597 fessionem
546 552 818 609 generalem.
859 551 1038 608 Reliqui
1060 559 1212 596 tamen
1238 552 1303 595 illi
1331 553 1594 599 familiarem
1617 561 1664 598 et
1690 562 1912 600 secretam

272 628 638 686 instructionem,
661 628 709 672 in
730 643 820 686 qua
847 629 1150 674 admonebam
1178 629 1326 686 ipsum
1359 631 1625 675 nominatim
1651 647 1808 677 earum
1838 647 1912 678 re-

270 720 388 760 rum,
414 721 532 762 quae
552 706 600 750 in
621 706 720 764 ipso
737 707 1032 751 notabantur.
1053 707 1300 751 Habebant
1315 707 1391 751 hic
1406 707 1453 751 in
1470 694 1682 753 cubiculo
1698 725 1910 768 magnam

266 783 448 840 copiam
470 783 827 837 confectionum,
852 790 941 827 etc.
967 782 1073 827 Dixi
1095 782 1168 827 hic
1197 790 1243 828 et
1271 783 1318 827 in
1348 785 1631 842 Portugallia
1652 801 1710 831 ne
1731 787 1911 845 accipe—

266 866 395 905 retur
416 848 659 917 quicquam
681 859 943 905 huiusmodi
965 861 1040 905 vel
1061 860 1246 904 omnino
1274 860 1364 904 cibi
1385 860 1674 917 delicatioris,
1700 864 1786 908 nisi
1814 873 1912 909 erat

265 936 381 980 illud
402 953 484 994 pro
507 938 687 982 infirmo
704 937 856 994 aliquo
877 936 926 980 in
947 937 1206 994 praesentia
1227 938 1534 983 necessarium
1562 941 1590 982 ¹.

364 1057 442 1100 28
462 1071 498 1101 v
955 1059 1239 1102 PALENTIAE

367 1170 432 1214 Ibi
454 1170 637 1227 aliquod
655 1169 834 1214 initium
856 1169 1024 1214 iecerat
1047 1173 1099 1214 P.
1127 1170 1442 1216 Ferdinandus
1463 1173 1676 1219 Aluarez.
1703 1176 1795 1219 Res
1815 1183 1914 1220 erat

274 1247 522 1291 admodum
542 1246 720 1292 debilis:
746 1253 876 1292 erant
896 1247 1008 1291 duo:
1034 1247 1230 1303 aliquem
1261 1248 1461 1292 fructum
1487 1250 1753 1296 afferebant:
1785 1267 1914 1297 soror

274 1324 435 1382 Vegae
454 1324 501 1368 id
527 1325 734 1369 voluerat
760 1338 862 1368 esse
890 1324 1176 1382 principium.
1210 1324 1423 1379 Visitaui,
1455 1334 1543 1372 etc.
1569 1327 1676 1372 Dixi
1703 1343 1822 1385 quae
1842 1330 1914 1374 vi-

270 1400 499 1445 debantur
519 1402 552 1445 ².

362 1519 443 1563 29
462 1533 498 1564 v
590 1563 592 1565 .
980 1521 1213 1574 TREUINIJ

363 1635 430 1676 Ex
451 1633 613 1678 itinere
641 1633 746 1678 Veni
773 1647 879 1677 cum
908 1635 962 1677 P.
995 1634 1245 1678 Emanuele
1266 1635 1324 1678 ad
1352 1636 1439 1679 hoc
1466 1636 1698 1694 oppidum,
1729 1646 1914 1696 propter

270 1711 515 1767 quemdam
540 1710 909 1768 ludimagistrum
939 1712 1130 1774 Peream
1161 1718 1207 1756 et
1244 1712 1574 1769 Sandoualum,
1606 1715 1749 1759 filium
1781 1716 1913 1761 ducis

236 1778 241 1779 ⁷
271 1787 538 1841 naiarensis,
558 1802 674 1844 quos
690 1772 1002 1833 intellexeram
1018 1795 1225 1844 spectare
1241 1789 1299 1832 ad
1316 1789 1610 1836 Societatem.
1631 1793 1702 1836 De
1718 1793 1913 1837 ludima-

272 1863 420 1921 gistro
441 1879 514 1909 res
531 1879 624 1908 non
645 1872 743 1910 erat
764 1871 957 1909 matura:
983 1865 1042 1910 de
1062 1866 1325 1910 Sandoualo
1341 1874 1454 1921 erat3
1474 1883 1596 1921 nam,
1616 1883 1757 1925 quum
1779 1877 1915 1916 antea

269 1955 364 1985 non
385 1941 608 1998 potuisset
635 1957 662 1986 a
689 1949 818 1998 patre
844 1941 1086 1999 impetrare
1115 1942 1360 1999 licentiam,
1389 1951 1498 1989 tunc
1520 1954 1754 2004 receperat
1785 1962 1913 1992 com-

270 2019 473 2063 modum.
499 2020 639 2064 Hunc
660 2019 829 2063 abduxi
852 2020 1090 2064 Onnatum
1114 2021 1146 2064 ⁵.

362 2139 451 2183 30
472 2153 507 2183 v
992 2139 1200 2184 ONNATE

363 2251 455 2296 Hic
470 2258 568 2297 erat
586 2254 639 2296 P.
667 2252 877 2306 MichaeL
897 2266 1138 2305 nauarrus,
1163 2251 1241 2308 qui
1257 2252 1601 2300 existimabatur
1617 2258 1787 2304 habere
1803 2273 1911 2316 gra—

274 2328 382 2372 tiam
419 2328 682 2373 sanitatum.
729 2330 985 2375 Sanauerat
1030 2329 1206 2384 aliquot
1256 2331 1447 2387 Tyburi:
1487 2342 1732 2379 sanauerat
1768 2337 1911 2381 Roma

278 2406 332 2449 P.
358 2406 607 2451 Polancum
629 2422 687 2452 ex
707 2405 967 2452 vehementi
989 2406 1117 2450 febre
1139 2406 1185 2449 in
1206 2407 1293 2451 hac
1309 2408 1514 2466 regione,
1534 2418 1581 2455 et
1602 2411 1648 2455 in
1669 2411 1831 2459 itinere
1854 2415 1911 2457 ad

277 2481 467 2538 patriam
489 2484 670 2528 multos.
702 2485 845 2528 Erant
879 2482 1308 2538 incommodissime,
1338 2485 1488 2531 diuiso
1507 2488 1640 2532 horto
1661 2504 1742 2547 per
1769 2491 1911 2535 solam

276 2572 433 2615 sepem
454 2574 482 2603 a
501 2560 663 2605 vicinis
684 2562 717 2606 ⁴.
743 2562 991 2607 Habebant
1010 2559 1194 2617 quidem
1217 2562 1372 2608 nescio
1389 2571 1502 2621 quot
1517 2579 1657 2611 onera
1672 2581 1910 2624 pomorum

274 2649 334 2680 ex
354 2635 614 2693 donatione,
632 2653 751 2695 quae
767 2647 863 2683 tum
880 2641 1004 2696 quod
1020 2649 1174 2686 essent
1189 2643 1459 2701 antiquitate
1476 2643 1752 2698 cantabrica,
1773 2646 1913 2690 aesti-

352 2861 362 2881 ¹
413 2858 477 2895 Nil
497 2859 685 2907 seriptum
702 2859 742 2896 in
760 2860 828 2897 fol.
845 2861 890 2897 28
907 2875 943 2898 r.

349 2920 364 2941 ¹
414 2919 499 2954 Fol.
519 2928 566 2964 29
582 2931 602 2954 r
634 2930 802 2956 vacuum
818 2927 1011 2958 remanet.

352 2978 368 2999 ⁸
417 2977 481 3014 Nil
500 2978 541 3014 in
557 2977 625 3014 fol.
644 2977 690 3014 30
707 2991 738 3015 r.
758 2980 949 3028 scriptum
966 2988 1042 3018 est.

352 3038 369 3060 ⁴
417 3038 509 3084 MS„
527 3038 667 3074 vicini.
