2196 3522
331 346 402 383 638
952 346 1096 381 EPIST.
1128 345 1172 380 P.
1200 345 1352 381 NADAL

329 448 548 492 difficulta
569 461 649 504 per
671 453 834 503 questo
857 446 1145 503 particulare,
1171 447 1467 491 essendoche
1483 445 1515 489 il
1535 448 1586 490 Ρ.
1610 443 1762 491 Pietro
1778 447 1836 492 de
1853 448 1966 492 Soto

331 508 375 551 ui
398 507 552 551 habito
575 521 660 550 con
685 520 893 563 persone.
920 507 978 549 Et
1000 506 1113 549 oltre
1129 505 1175 548 di
1192 513 1369 561 questo,
1390 506 1466 549 noi
1483 505 1750 562 disegnamo
1768 507 1812 549 d’
1833 521 1966 550 acco-

329 567 514 610 modare
529 566 649 622 quel'
668 566 770 609 loeo
789 579 876 609 con
898 572 1020 609 tanta
1036 565 1325 619 commodita,
1342 567 1427 608 che
1442 567 1575 610 uerra
1589 581 1615 609 a
1631 565 1801 621 suplire
1818 580 1843 608 a
1860 567 1967 622 quel

328 640 442 682 poco
468 626 754 669 incommodo
782 626 867 668 che
897 625 938 668 ci
962 632 1141 681 potesse
1169 639 1320 670 essere
1346 639 1427 681 per
1453 626 1586 678 hora,
1618 625 1795 668 benche
1824 626 1965 670 credo

327 700 421 728 non
443 685 480 728 si
503 684 670 728 habbia
691 685 749 728 da
770 684 930 740 patire.

416 745 528 789 Sara
554 751 722 787 uenuto
744 743 775 786 il
796 751 964 788 rettore
987 749 1032 787 et
1055 743 1292 799 ragionato
1313 759 1339 787 a
1361 742 1494 799 pieno
1515 742 1562 785 di
1579 750 1739 798 queste
1755 743 1962 788 medeme

325 819 446 856 cose,
472 803 517 846 di
540 804 675 846 modo
697 805 781 846 che
803 803 846 846 io
869 818 960 846 non
983 802 1043 844 mi
1064 803 1279 846 stendero
1300 802 1347 845 in
1368 803 1482 847 altre
1502 803 1670 858 parole,
1697 803 1782 846 che
1805 816 1963 846 racco-

324 862 575 906 mandarmi
598 878 624 906 a
647 864 704 907 V.
733 865 785 906 Ρ.
812 865 887 915 R.‚
913 864 997 905 che
1021 861 1146 918 uogli
1169 869 1296 906 tener
1323 861 1369 904 di
1396 876 1468 905 me
1496 861 1713 905 memoria
1742 862 1859 905 nelle
1882 875 1965 905 sue

324 930 454 966 sante
477 922 684 976 orationi,
711 922 833 977 quali
854 921 942 965 Dio
973 921 1099 978 uogli
1127 921 1351 966 esaudire.
1383 922 1471 965 Del
1498 920 1772 964 monasterio
1794 920 1839 964 di
1863 922 1964 965 Ma—

323 996 556 1038 gunzano,
582 981 612 1024 li
635 996 755 1025 XVIII
780 981 825 1023 di
848 982 1105 1026 Settembre
1128 994 1373 1024 M.D.LX111.
1401 980 1460 1024 Di
1484 982 1540 1024 V.
1569 982 1622 1024 P.
1650 981 1703 1024 R.
1726 980 1963 1024 affetiona-

326 1042 478 1084 tisimo
500 1041 547 1084 in
570 1043 688 1097 Xpo.
717 1041 908 1085 fratello.

1040 1100 1087 1142 IL
1120 1113 1360 1142 CARDINAL
1392 1101 1438 1143 D’
1471 1100 1722 1143 AUGUSTA.

412 1159 656 1214 Inscriptio
678 1159 729 1201 in
752 1162 918 1215 quarta.
942 1159 1138 1215 pagina:
1162 1159 1221 1201 ΑΙ
1253 1159 1392 1201 molto
1421 1159 1533 1201 Rdo.
1563 1158 1610 1200 in
1643 1160 1760 1213 Xpo.
1785 1158 1962 1203 fratello

324 1218 475 1271 hon.⁰‚
497 1218 528 1260 il
551 1219 804 1275 P.Jacomo
823 1217 1027 1271 Lainetz‚
1052 1217 1280 1274 preposito
1303 1218 1517 1274 generale
1539 1218 1655 1261 della
1680 1218 1963 1274 Compagnia

323 1279 397 1321 del
414 1279 540 1335 Jessi,
567 1285 655 1320 ete.
682 1276 736 1320 In*
756 1279 943 1321 Trento.

409 1337 517 1380 Alia
542 1351 699 1380 manu:
727 1338 852 1391 1563.
885 1337 971 1380 Del
1000 1335 1273 1379 monasterio
1297 1342 1592 1392 maguntano.
1619 1336 1654 1378 Il
1677 1335 1877 1380 cardinal
1899 1337 1960 1385 de

327 1397 556 1459 Augusta.
590 1397 639 1440 18
664 1397 937 1441 Settembre.
963 1396 1123 1452 Sigillz·
1143 1389 1401 1452 vestigium.

1053 1540 1162 1581 XXI
1191 1539 1230 1595 (C

789 1624 838 1659 P.
871 1621 1113 1669 JOANNES
1140 1623 1209 1657 DE
1235 1620 1488 1659 POLANCO

860 1707 1016 1738 BEATO
1041 1707 1197 1737 PETRO
1231 1707 1425 1737 CANISIO

739 1777 962 1830 Tridenti‚
990 1790 1040 1820 21
1063 1777 1345 1833 Septembris
1373 1778 1483 1832 1563
1511 1779 1539 1820 ¹.

608 1861 814 1898 Sollicitus
830 1864 886 1896 est
904 1862 950 1896 de
963 1864 1140 1908 persona
1158 1863 1195 1896 et
1212 1861 1385 1908 negotiis
1404 1861 1456 1897 P.
1481 1860 1661 1897 Natalis.

407 1934 571 1989 Quelle
593 1934 651 1978 de
668 1935 728 1977 V.
762 1935 816 1977 R.
843 1934 899 1976 de
937 1947 991 1986 Χ]
1021 1933 1093 1976 del
1126 1939 1334 1988 presente
1356 1932 1576 1978 riceuette
1608 1935 1666 1978 N.
1700 1935 1774 1987 P.,
1807 1941 1852 1979 et
1874 1943 1958 1979 ue·—

318 1993 469 2036 diamo
492 1995 578 2036 che
599 2007 690 2035 non
713 1992 750 2035 si
773 2006 941 2048 sapeua
963 2006 1129 2036 ancora
1145 2007 1265 2035 noua
1286 1993 1405 2036 della
1422 1999 1593 2037 uenuta
1610 1994 1683 2038 del
1702 1995 1754 2037 P.
1777 1995 1953 2047 Natale,

320 2066 482 2096 maneo
498 2053 527 2094 1²
553 2051 761 2098 habiamo
781 2052 871 2104 noi,
897 2053 956 2095 ne
977 2052 1138 2095 lettera
1156 2051 1317 2095 alcuna
1339 2052 1395 2095 de
1418 2051 1597 2096 Vienna
1618 2053 1736 2109 dopo
1758 2053 1786 2095 li
1812 2065 1868 2107 24
1884 2054 1957 2097 del

319 2119 519 2168 passato',
545 2113 630 2155 che
651 2110 692 2154 ci
715 2112 772 2153 da
794 2111 839 2162 in
862 2125 972 2155 uero
993 2110 1312 2164 sollicitudine,
1338 2126 1429 2154 non
1447 2117 1574 2155 tanto
1595 2126 1675 2168 per
1703 2113 1852 2168 quello
1873 2115 1958 2156 che

318 2171 356 2214 si
378 2178 613 2228 aspettaua
633 2170 754 2213 circa
776 2170 805 2212 li
828 2170 1015 2226 negotii,
1042 2177 1213 2226 quanto
1243 2185 1322 2226 per
1350 2171 1392 2214 la
1413 2185 1604 2226 persona
1633 2173 1690 2216 de
1712 2173 1837 2215 detto
1866 2173 1955 2215 Pa-

319 2231 415 2284 dre;
438 2245 523 2287 pur
541 2244 747 2286 speramo
770 2229 815 2272 in
837 2230 925 2273 Dio
948 2230 991 2272 lo
1013 2231 1183 2273 hauera
1206 2229 1252 2272 in
1274 2244 1356 2273 sua
1378 2230 1714 2286 protectione...

1050 2361 1160 2403 XXI
1183 2360 1226 2416 (d
1259 2382 1261 2386 ·

798 2443 845 2478 Ρ.
880 2441 1121 2488 JOANNES
1148 2441 1468 2478 FERNANDEZ

835 2529 998 2558 VPATRI
1031 2528 1213 2568 JACOBo
1246 2526 1422 2559 LAINEZ

730 2597 935 2651 Pinciae,
973 2610 1028 2655 29
1057 2597 1335 2654 Septembris
1370 2599 1479 2653 1563
1510 2600 1540 2642 ².

313 2683 475 2718 Natalis
493 2682 641 2718 litteris
660 2683 843 2716 movetur
860 2682 915 2716 ad
937 2680 1263 2776 Ggrmaniaedvel
1285 2680 1448 2717 Galliae
1464 2682 1636 2718 salutem
1653 2683 1737 2718 suis
1755 2683 1955 2720 laboribus

1000 2740 1177 2764 rocuran
1209 2740 1293 2764 am.

1078 2802 1176 2857 Jhs.

407 2885 518 2939 Muy
555 2883 670 2926 Rdo.
714 2882 860 2925 Padre
893 2890 1079 2927 nuestro
1101 2898 1159 2926 en
1181 2883 1378 2927 Christo.
1420 2885 1566 2928 Antes
1594 2885 1722 2929 desta
1743 2900 1770 2929 e
1790 2885 1955 2929 escrito

315 2953 414 2986 otra
436 2957 544 2998 para
566 2956 791 2998 proponet
811 2945 838 2984 a
861 2943 917 2985 V.
944 2944 998 2985 P.
1024 2943 1066 2985 el
1088 2943 1224 2987 deseo
1247 2957 1336 2998 que
1358 2944 1415 2986 N.
1438 2944 1485 2988 S.
1518 2958 1590 2987 me
1614 2959 1639 2986 a
1662 2944 1780 2987 dado
1808 2948 1833 2987 a
1856 2959 1952 2988 em-

387 3077 397 3098 ¹
449 3079 507 3113 Ex
525 3078 712 3124 Regesto,
737 3077 837 3113 Cod.
863 3087 906 3123 33
925 3079 977 3122 c),
994 3077 1063 3113 fol.
1085 3077 1173 3114 233.
1193 3078 1294 3114 Vide
1314 3079 1439 3125 epist.
1464 3078 1549 3126 312,
1576 3092 1617 3115 n.
1647 3088 1679 3124 1;
1699 3085 1739 3115 et
1757 3079 1841 3127 313,
1861 3093 1899 3116 n.
1919 3089 1951 3117 1.

387 3127 401 3147 ²
452 3126 510 3160 Ex
529 3125 784 3172 autographo,
803 3125 843 3161 in
865 3124 959 3161 Cod.
979 3126 1024 3161 28
1043 3127 1094 3172 c),
1115 3126 1230 3161 unico
1254 3126 1346 3170 fol„
1367 3134 1453 3172 145.
