2196 3522
926 267 1149 314 Appssnmx
1759 257 1761 259 ¹
1785 269 1858 316 669

214 380 317 412 esse
339 374 462 411 tanta
485 368 780 436 blasphemia,
805 368 947 412 maior
973 375 1023 411 vt
1050 368 1137 412 alia
1158 370 1349 426 proferri
1378 369 1455 413 vix
1481 369 1644 426 possit.
1682 369 1856 414 Omnia

209 431 398 482 possum
420 428 474 470 in
493 440 554 481 eo,
577 429 657 484 qui
677 442 748 471 me
769 429 1048 486 confortatss
1067 427 1176 472 dicit
1200 430 1391 473 Paulus.
1429 429 1602 473 Omnia
1616 430 1855 485 possibilia

217 489 326 528 sunt
345 487 597 540 credenti²,
619 486 728 531 dicit
749 487 975 531 Christus.
1002 487 1095 543 Qui
1117 495 1224 531 sunt
1245 503 1358 546 ergo
1378 488 1470 542 alii,
1491 488 1569 544 qui
1585 503 1853 545 persuasum

218 546 387 589 habent
409 546 613 590 homines
640 546 872 591 continere
900 561 989 590 non
1013 561 1170 603 posse,
1201 562 1337 604 quam
1366 548 1445 604 qui
1473 562 1564 591 non
1592 548 1819 592 credunt
1807 564 1855 592 1n

219 604 468 659 Christum,
494 605 571 661 qui
593 619 684 648 non
715 606 908 651 credunt
938 621 1043 651 eum
1071 621 1204 662 posse
1235 607 1391 663 largiri
1418 608 1590 650 donum
1613 607 1853 653 continen-

219 663 308 708 tiae
330 641 577 722 singu’lare,
602 665 648 708 id
670 680 697 708 a
717 679 767 710 se
788 679 892 709 cum
908 679 1016 709 vera
1034 666 1125 709 fide
1140 666 1421 722 petentibus?
1438 668 1540 723 Ego
1558 681 1740 723 quoque
1756 683 1854 711 ma—

215 737 360 778 gnum
383 723 635 767 cruciatum
657 739 714 768 ex
734 739 789 768 eo
811 724 955 781 capio,
981 725 1104 780 quod
1125 739 1232 778 non,
1258 727 1415 781 quales
1443 739 1673 782 cuperem,
1699 741 1851 770 sacer—

200 782 345 827 ·dotes
366 784 535 828 habeo.
569 783 793 828 Proximis
821 783 1129 840 superioribus
1150 783 1313 829 diebus
1334 785 1638 829 visitationem
1656 785 1848 838 institui,

214 843 358 885 multa
390 843 613 900 cognoui,
647 857 764 899 quae
799 858 952 887 meum
986 842 1187 886 animum
1218 845 1514 889 vehementer
1539 845 1848 901 perculerunt.

190 901 441 959 ⁸Dominus
460 903 744 959 praecandus
763 909 850 956 est,
880 910 931 945 vt
958 902 1186 959 operarios
1217 903 1383 960 dignos
1411 903 1561 948 mittat
1588 903 1635 947 in
1658 919 1850 950 messem

212 974 342 1004 suam
365 963 379 983 ³
388 962 546 1018 ,quod
567 961 730 1006 vestris
745 961 880 1005 etiam
898 962 1135 1019 praecibus
1151 963 1364 1006 effectum
1381 963 1435 1006 iri
1452 963 1562 1006 mihi
1579 964 1849 1020 persuadeo.

214 1020 337 1076 Opto
360 995 414 1064 R.
440 1022 494 1064 D.
520 1022 578 1065 V.
599 1021 679 1065 diu
693 1035 794 1065 esse
810 1021 1099 1074 incolumem,
1120 1021 1251 1065 cuius
1268 1037 1341 1067 me
1362 1022 1596 1078 sacrificijs
1617 1030 1663 1066 et
1684 1023 1851 1067 oratio

212 1079 348 1123 nibus
369 1081 655 1124 commendo.
686 1082 857 1125 Datum
880 1095 937 1126 ex
959 1088 1108 1125 castro
1130 1088 1286 1125 nostro
1308 1083 1571 1139 Heilsberg,
1602 1082 1676 1127 die
1698 1097 1726 1140 9
1748 1084 1850 1127 Au

213 1138 354 1194 gusti.
379 1138 438 1183 A.
465 1141 520 1184 D.
546 1154 596 1184 M.
620 1155 668 1184 D.
693 1154 800 1184 va.
825 1140 1014 1184 Frater
1002 1155 1050 1183 m
1073 1140 1272 1193 Christo,

750 1200 1071 1252 STANISLAUS,
1105 1213 1394 1244 CAanAms
1419 1214 1725 1245 vARmENsis.

302 1258 546 1315 Inscriptio
567 1259 619 1302 in
640 1263 805 1315 quarta
820 1260 1026 1316 pagina.
1047 1259 1163 1303 Rdo.
1191 1260 1333 1314 Patri,
1362 1259 1547 1303 domino
1569 1259 1734 1318 Joanni
1759 1262 1843 1304 Po-

211 1316 361 1369 lanco,
393 1317 632 1362 Societatis
653 1319 764 1376 Jesu
792 1318 1050 1371 secretario,
1076 1318 1220 1362 amico
1247 1319 1528 1363 charissimo.
1559 1320 1668 1362 Alia
1690 1334 1850 1362 manu:

215 1377 346 1431 1565.
386 1376 680 1434 Heilspergh.
719 1378 960 1422 Cardinale
987 1377 1262 1437 varmiense
1300 1394 1330 1436 9
1361 1380 1561 1436 Agosto.
1594 1379 1752 1436 Sigilli
1772 1393 1848 1422 ve-

208 1437 423 1492 stigium.

985 1568 1062 1612 LII

654 1649 1094 1687 STANISLAUS
1133 1649 1392 1688 HOSIUS

792 1721 999 1758 cardinalis
1018 1721 1251 1759 varmiensis

667 1807 809 1839 PATRI
842 1781 1015 1849 JOANHI
1050 1809 1114 1840 DE
1146 1807 1368 1839 POLANCO

581 1876 898 1935 Heilsbergae,
938 1890 995 1936 29
1026 1877 1232 1935 Augusti
1276 1877 1387 1932 1565
1427 1877 1460 1920 ⁴.

312 1961 547 1997 Societatem
554 1959 656 2006 Jesu
671 1960 717 1996 in
733 1961 1042 2008 septentrionem
1059 1972 1151 1996 suos
1167 1971 1304 1996 ramos
1320 1960 1531 1996 extendere
1550 1958 1723 2008 gaudet.

290 2032 404 2076 Rde.
436 2033 572 2075 Pater
598 2030 646 2074 in
674 2031 871 2084 Christo,
902 2031 1033 2075 nobis
1054 2030 1318 2075 charissime
1339 2036 1386 2074 et
1408 2031 1688 2083 honorande,
1714 2031 1838 2075 salu-

199 2099 291 2136 tem
312 2098 359 2135 et
382 2090 534 2134 omnia
556 2089 746 2135 foelicia.
773 2090 1084 2134 Renunciatur
1106 2090 1243 2134 michi
1261 2089 1380 2132 mitti
1402 2091 1495 2132 huc
1518 2104 1544 2132 a
1567 2089 1699 2133 uobis
1721 2105 1836 2133 non-

157 2191 160 2194 .
198 2151 347 2194 nullos
369 2166 425 2195 ex
446 2149 675 2195 Societate
695 2157 861 2202 vestra,
887 2149 964 2206 qui
981 2151 1102 2206 apud
1118 2152 1284 2194 R‚mum
1315 2148 1549 2192 dominum
1573 2148 1836 2205 episcopum

199 2211 458 2267 plocensem
495 2208 542 2252 in
574 2208 766 2265 collegio
804 2223 884 2265 per
919 2209 1067 2266 ipsum
1104 2215 1338 2253 exstructo
1375 2208 1665 2252 iuuentutem
1703 2208 1836 2252 insti-

200 2277 330 2314 tuant
346 2276 392 2312 et
413 2267 652 2312 seminario
670 2268 880 2324 praesint.
906 2269 1118 2325 Quorum
1142 2268 1277 2313 etiam
1300 2275 1453 2312 rector
1471 2267 1653 2310 futurus
1670 2267 1837 2311 dicitur

202 2331 254 2373 P.
281 2329 516 2372 Balthasar
539 2329 571 2378 ⁵,
602 2326 679 2382 qui
709 2327 792 2370 fuit
819 2330 1039 2372 hactenus
1067 2328 1114 2370 in
1146 2326 1314 2371 familia
1346 2326 1477 2370 Illmi.
1503 2326 1674 2369 domini
1696 2327 1834 2370 Com-

201 2387 431 2439 menduni,
455 2385 695 2431 cardinalis
710 2386 865 2443 legati.
892 2388 962 2430 Ac
985 2389 1282 2431 uehementer
1310 2385 1494 2441 quidem
1517 2387 1697 2441 gaudeo
1728 2400 1834 2429 san-

200 2454 319 2491 ctam
339 2448 458 2489 hanc
493 2453 690 2489 vestram
727 2445 1003 2491 Societatem
1040 2446 1087 2489 in
1109 2448 1232 2489 hunc
1254 2445 1391 2488 etiam
1419 2453 1624 2488 nostrum
1648 2452 1834 2511 septen-

199 2507 393 2550 trionem
415 2519 523 2549 suos
544 2519 691 2548 ramos
713 2506 972 2559 extendere3
998 2512 1136 2561 atque
1158 2505 1330 2548 utinam
1348 2504 1458 2572 oalijs
1486 2503 1621 2547 etiam
1654 2503 1702 2546 in
1723 2504 1836 2548 locis

197 2573 244 2610 et
265 2564 550 2609 diocaesibus
571 2563 665 2621 [sic]
694 2563 855 2607 similia
881 2565 939 2607 ab
966 2563 1190 2620 episcopis
1217 2563 1384 2607 nostris
1412 2562 1711 2606 instituantur
1738 2564 1835 2606 col-

196 2624 331 2681 legia,
356 2639 413 2668 ex
434 2622 600 2679 quibus
623 2623 798 2666 fructus
819 2622 909 2677 ille,
934 2638 1069 2679 quem
1091 2637 1328 2680 speramus
1349 2629 1395 2667 et
1417 2630 1644 2678 optamus,
1676 2622 1732 2666 ad
1755 2636 1833 2666 ec—

267 2769 276 2789 ¹
327 2766 530 2810 PHILIPP„
550 2764 619 2805 IV,
642 2763 699 2799 13.

262 2817 276 2836 2
327 2814 483 2856 MARc„
501 2793 571 2847 I’X.
592 2820 651 2846 22.

261 2863 275 2883 ³
325 2861 513 2906 MATTH„
533 2859 602 2902 IX,
620 2857 681 2902 383
701 2862 742 2893 et
759 2858 880 2903 Luc„
899 2858 950 2903 X,
969 2866 1005 2893 2.

260 2911 275 2931 ⁴
324 2908 383 2943 Ex
401 2908 627 2953 archetypo,
645 2905 686 2941 in
706 2904 802 2941 Cod.
824 2905 886 2951 38,
904 2904 1050 2952 duplici
1071 2904 1154 2949 fol„
1177 2903 1246 2940 123
1262 2906 1377 2948 (204).
1406 2903 1507 2939 Vide
1535 2903 1650 2950 epist.
1671 2902 1754 2949 348,
1787 2909 1827 2939 et

189 2955 373 3004 append„
399 2954 503 3000 XLI,
521 2953 644 2994 XLV,
662 2957 737 2988 etc.

262 3005 277 3027 ⁵
324 3003 370 3038 P.
388 2982 589 3038 Balth’asar
605 2981 864 3045 H’ostovinus,
882 2998 931 3034 de
948 3009 1026 3046 quo
1044 2998 1200 3046 saepius
1218 2998 1259 3034 in
1283 2998 1552 3045 superioribus
1577 2997 1826 3033 documentis

192 3061 322 3088 sermo
340 3049 491 3086 incidit.

334 3139 447 3168 Emsr.
468 3137 506 3166 Ρ.
525 3137 658 3167 Nion..
679 3135 764 3164 ΤοΜ.
786 3133 830 3162 11.
1645 3132 1681 3160 44
