2196 3522
266 249 314 283 26
830 245 874 280 P.
900 244 1089 280 NATAms
1114 244 1335 280 EPHEMER.

268 349 395 392 uisus
422 355 491 392 est
529 349 582 391 P.
623 348 659 390 F
663 345 894 389 ranciscus
923 345 1127 389 timuisse
1158 360 1215 389 ne
1237 358 1326 402 ego
1354 344 1635 402 impedirem,
1673 344 1795 401 quod
1824 343 1903 388 vix

265 433 388 470 esset
408 438 621 481 egressus
645 435 669 466 2
693 437 835 466 annos
858 421 1136 479 probationis
1158 421 1517 465 Bustamantius.
1542 423 1713 465 Datum
1731 428 1800 467 est
1817 436 1899 466 ne-

267 501 451 558 gocium
473 503 531 544 D.
558 500 687 543 Torri
707 507 758 542 vt
786 499 1001 545 retineret
1022 500 1254 544 Granatae
1286 501 1339 543 P.
1365 499 1580 551 Aluarez,
1612 499 1690 555 qui
1711 499 1898 543 dederat

267 580 450 621 domum
472 584 518 621 et
538 576 691 622 nescio
713 591 829 632 quae
850 583 1082 633 praeterea
1105 575 1335 622 Societati.
1364 578 1529 621 Postea
1550 591 1604 621 eo
1633 583 1704 620 est
1730 576 1897 620 missus

267 654 543 700 Salmantica
566 656 613 697 P.
639 653 791 707 Auila,
815 653 893 709 qui
913 653 1061 698 euasit
1077 653 1260 709 quidem
1276 653 1470 710 insignis
1486 653 1796 707 concionator,
1815 654 1897 698 sed

269 733 380 788 obijt
401 731 551 777 breui:
597 732 654 776 de
687 730 1056 788 peregrinatione
1097 732 1188 774 don
1233 731 1492 787 San25chij
1517 746 1543 774 a
1579 731 1793 775 Castella:
1824 731 1899 776 del

269 810 524 852 Talabarte:
550 809 606 851 de
627 807 826 852 mulione
853 808 931 863 qui
959 808 1135 852 inuenit
1163 823 1291 852 suam
1319 808 1547 852 clitellam:
1574 809 1631 852 de
1668 808 1901 853 Bernardo

266 885 391 929 socio
430 869 487 929 P.
518 887 554 928 F
557 884 762 928 rancisci.
799 888 1059 942 Metymnae
1096 884 1454 929 concionabatur
1484 887 1536 929 P.
1564 884 1770 942 Baptista
1796 898 1902 928 cum

268 978 438 1020 magno
456 963 639 1020 spiritus
661 964 855 1007 feruore.
882 963 1147 1006 Attulerant
1174 962 1273 1007 eius
1295 963 1537 1006 conciones
1564 977 1783 1020 magnum
1805 963 1904 1006 fru-

268 1048 395 1083 ctum
415 1040 719 1085 conscientiae
741 1040 1014 1083 auditorum.
1036 1039 1242 1084 Intellexi
1258 1046 1410 1084 actum
1432 1054 1533 1084 esse
1549 1040 1607 1085 de
1623 1039 1904 1096 profectione

271 1117 450 1173 Araozij
481 1131 585 1161 cum
614 1116 837 1173 Philippo,
869 1124 915 1160 et
942 1132 1050 1173 prae
1071 1132 1120 1160 se
1152 1117 1256 1160 tulit
1291 1116 1389 1174 ipse
1417 1123 1655 1174 propterea
1682 1130 1774 1160 non
1802 1130 1903 1162 esse

271 1195 542 1250 profectum,
563 1195 687 1249 quod
702 1194 828 1237 locus
845 1193 908 1236 illi
925 1193 1065 1238 maior
1079 1194 1230 1251 potuit
1243 1208 1378 1251 quam
1414 1208 1495 1251 pro
1512 1194 1744 1251 theologo,
1769 1199 1842 1237 etc
1866 1195 1898 1237 ¹.

364 1313 443 1356 2ss
922 1314 1248 1358 TORDElems

363 1425 428 1468 Ibi
455 1425 688 1469 habitabat
716 1426 927 1481 frequens
955 1425 1004 1486 [?]
1034 1420 1086 1470 Ρ.
1128 1426 1421 1482 Franciscus,
1451 1435 1502 1471 vt
1528 1426 1806 1484 experiretur
1844 1441 1903 1470 an

271 1502 420 1546 iuuari
441 1509 593 1559 posset
615 1502 773 1559 regina
799 1504 1013 1547 Iohanna.
1046 1504 1152 1548 Vidi
1183 1505 1449 1561 mysterium
1475 1505 1676 1563 reginae.
1703 1503 1769 1548 Ibi
1791 1518 1903 1547 con-

276 1579 358 1622 tuli
385 1593 489 1622 cum
512 1580 707 1634 quodam
735 1579 875 1622 nobili
902 1580 1085 1624 bethico
1115 1582 1172 1625 de
1201 1582 1362 1626 litteris
1387 1581 1596 1627 hebraeis
1623 1583 1657 1635 ¹,
1689 1582 1815 1638 quod
1840 1580 1905 1624 ita

273 1656 411 1699 vellet
433 1657 486 1699 P.
508 1656 789 1700 Franciscus.
817 1657 1023 1701 Liberius
1044 1658 1225 1702 locutus
1246 1674 1348 1703 sum
1371 1666 1439 1703 ter
1461 1660 1476 1681 ³
1499 1658 1676 1704 sedenti
1697 1658 1745 1701 in
1765 1658 1900 1712 lecto,

275 1733 314 1775 si
335 1733 517 1789 galerus
538 1733 735 1786 eueniat,
761 1733 952 1790 amplius
973 1750 1065 1779 non
1087 1737 1367 1780 confisurum
1394 1751 1468 1782 me
1494 1751 1593 1780 esse
1621 1734 1901 1779 nobilitatem

274 1809 323 1852 in
343 1810 446 1866 lege
468 1808 546 1853 X.i
565 1809 697 1853 sitam
714 1809 761 1854 in
777 1810 926 1855 medio
944 1812 1058 1865 foro,
1079 1812 1117 1856 si
1140 1813 1241 1868 quis
1261 1813 1372 1858 velit
1392 1813 1490 1859 fieri
1512 1812 1675 1857 nobilis
1696 1812 1728 1855 ⁴.
1759 1812 1766 1871 Ι
1794 1813 1900 1856 Huc

275 1886 400 1929 venit
429 1886 587 1929 doctor
616 1888 796 1940 Torres,
827 1895 873 1932 et
898 1888 1004 1932 hinc
1031 1889 1244 1934 dimissus
1270 1898 1341 1935 est
1366 1890 1415 1934 in
1441 1905 1568 1935 suam
1601 1889 1897 1947 prouinciam.

275 1964 330 2005 P.
363 1964 398 2006 F
402 1962 632 2007 ranciscus
659 1964 776 2008 serio
804 1965 899 2021 agit
935 1966 990 2010 de
1024 1967 1159 2011 domo
1196 1968 1472 2023 simancana;
1502 1968 1625 2024 quod
1659 1967 1901 2024 negocium

275 2040 410 2095 paulo
431 2047 536 2096 post
556 2054 691 2095 quam
721 2055 808 2098 ego
837 2042 1142 2088 discessissem
1169 2045 1381 2090 confecit:
1416 2045 1577 2102 reliqui
1598 2044 1662 2088 illi
1689 2046 1903 2090 Ioannem

274 2117 485 2171 Paulum,
511 2131 646 2173 quern
674 2118 806 2175 plane
823 2134 894 2163 me
910 2121 1164 2178 relinquere
1192 2121 1254 2181 [in
1271 2123 1493 2180 Hispania
1508 2122 1751 2183 cupiebat],
1783 2122 1906 2178 quod

270 2208 362 2249 ego
383 2208 474 2237 non
498 2194 584 2237 feci
607 2196 639 2238 ⁵.
664 2195 770 2238 Fuit
798 2211 940 2253 graue
963 2200 1015 2242 P.
1042 2200 1283 2245 Francisco
1305 2200 1535 2258 suscipere
1569 2200 1681 2243 illud
1702 2214 1835 2252 onus,
1859 2205 1906 2243 et

272 2270 384 2321 illud
401 2270 643 2328 praecipue
670 2278 862 2317 testatus
889 2283 973 2328 est,
999 2283 1045 2321 et
1072 2277 1308 2322 contendit
1328 2292 1378 2321 se
1398 2292 1492 2321 non
1518 2277 1723 2335 accipere
1750 2291 1906 2321 curam

273 2347 543 2391 animarum:
582 2348 657 2392 cui
693 2364 782 2406 ego
812 2351 874 2395 ita
904 2354 1115 2409 respondi
1137 2353 1217 2415 [ut]
1239 2354 1543 2412 significarem
1559 2369 1653 2399 non
1669 2368 1802 2411 posse
1823 2354 1906 2398 ad-

275 2423 518 2467 ministrari
559 2424 679 2469 illam
720 2427 1002 2483 prouinciam
1044 2431 1215 2487 absque
1261 2446 1372 2477 cura
1413 2432 1678 2476 animarum.
1703 2432 1778 2475 27
1798 2430 1906 2475 Dixi

279 2502 331 2542 P.
357 2501 393 2543 F
397 2500 600 2545 rancisco
621 2502 858 2548 discedens
885 2512 933 2548 vt
960 2521 1114 2551 curam
1145 2516 1326 2565 gereret
1346 2509 1445 2553 eius
1467 2507 1621 2566 partis,
1652 2523 1788 2565 quam
1815 2521 1906 2566 ego

277 2575 581 2632 visitaueram3
622 2579 839 2624 scriberet
876 2589 1026 2627 tamen
1062 2585 1119 2628 ad
1157 2600 1228 2630 me
1264 2587 1409 2630 donec
1446 2586 1583 2631 sciret
1610 2600 1683 2630 me
1720 2600 1821 2631 esse
1857 2585 1906 2629 in

278 2653 517 2710 Hispania.
548 2654 556 2714 Ι

280 2731 570 2801 Ἦ
589 2768 631 2792 v.
652 2768 818 2793 vacuum
837 2760 1016 2796 relictum
1030 2761 1120 2799 fuit.

350 2816 364 2835 2
415 2814 504 2859 Ms.,
522 2816 718 2852 haebreis,

350 2874 365 2893 ⁵
414 2874 503 2920 Ms.,
528 2884 563 2920 3.

351 2934 366 2954 ⁴
415 2933 516 2969 Vide
534 2934 650 2982 epist.
669 2935 732 2981 67.

349 2993 363 3013 ⁵
413 2993 501 3028 Non
517 2995 622 3030 clare
638 3001 800 3042 apparet
815 2996 930 3043 hujus
954 3000 1151 3036 clausulae
1176 3013 1329 3039 sensus.
1351 3004 1518 3040 Videtur
1536 3010 1666 3041 tamen
1688 3006 1762 3041 hoe
1790 3004 1911 3051 signi-

277 3051 395 3086 ficare
413 3057 547 3088 auctor
564 3054 751 3102 voluisse,
770 3056 874 3103 quod
891 3056 992 3093 intra
1010 3060 1173 3096 uncinos
1192 3061 1383 3100 addimus.
1404 3063 1505 3099 Vide
1523 3063 1638 3111 infra,
1657 3075 1747 3112 pag.
1767 3062 1831 3100 30.
