<?xml version="1.0" encoding="UTF-8"?>
<!DOCTYPE html PUBLIC "-//W3C//DTD XHTML 1.0 Transitional//EN"
    "http://www.w3.org/TR/xhtml1/DTD/xhtml1-transitional.dtd">
<html xmlns="http://www.w3.org/1999/xhtml" xml:lang="en" lang="en">
 <head>
  <title>
</title>
<meta http-equiv="Content-Type" content="text/html;charset=utf-8" />
  <meta name='ocr-system' content='tesseract 3.04.00' />
  <meta name='ocr-capabilities' content='ocr_page ocr_carea ocr_par ocr_line ocrx_word'/>
</head>
<body>
  <div class='ocr_page' id='page_1' title='image "./epistolaephieron02nadauoft_0491.png"; bbox 0 0 2196 3522; ppageno 0'>
   <div class='ocr_carea' id='block_1_1' title="bbox 0 750 21 1346">
    <p class='ocr_par' dir='ltr' id='par_1_1' title="bbox 0 750 21 1346">
     <span class='ocr_line' id='line_1_1' title="bbox 0 750 21 1346; textangle 90"><span class='ocrx_word' id='word_1_1' title='bbox 0 1132 21 1346; x_wconf 54' lang='lat'>“7‘.?¹?„⁴&#39;&#39;-*⁷·*·</span> <span class='ocrx_word' id='word_1_2' title='bbox 0 1034 14 1111; x_wconf 39' lang='lat' dir='ltr'>nv.</span> <span class='ocrx_word' id='word_1_3' title='bbox 0 974 11 1005; x_wconf 68' lang='lat' dir='ltr'>‚v-</span> <span class='ocrx_word' id='word_1_4' title='bbox 0 861 17 956; x_wconf 67' lang='lat' dir='ltr'>&#39;&#39;⁷&#39;f&#39;¹01</span> <span class='ocrx_word' id='word_1_5' title='bbox 0 750 14 835; x_wconf 47' lang='lat' dir='ltr'>g-pgaeq</span> 
     </span>
    </p>
   </div>
   <div class='ocr_carea' id='block_1_2' title="bbox 0 2578 54 3522">
    <p class='ocr_par' dir='ltr' id='par_1_2' title="bbox 0 2578 54 3522">
     <span class='ocr_line' id='line_1_2' title="bbox 0 2578 54 3522; baseline 0 0"><span class='ocrx_word' id='word_1_6' title='bbox 0 2578 54 3522; x_wconf 95' lang='lat' dir='ltr'> </span> 
     </span>
    </p>
   </div>
   <div class='ocr_carea' id='block_1_3' title="bbox 895 251 1930 305">
    <p class='ocr_par' dir='ltr' id='par_1_3' title="bbox 895 251 1930 305">
     <span class='ocr_line' id='line_1_3' title="bbox 895 251 1930 305; baseline -0.007 -10"><span class='ocrx_word' id='word_1_7' title='bbox 895 267 942 305; x_wconf 86' lang='lat'>29</span> <span class='ocrx_word' id='word_1_8' title='bbox 966 257 1216 294; x_wconf 75' lang='lat' dir='ltr'>Novmmms</span> <span class='ocrx_word' id='word_1_9' title='bbox 1243 254 1335 301; x_wconf 81' lang='lat'>1563</span> <span class='ocrx_word' id='word_1_10' title='bbox 1859 251 1930 298; x_wconf 86' lang='lat'>465</span> 
     </span>
    </p>
   </div>
   <div class='ocr_carea' id='block_1_4' title="bbox 294 354 1932 1184">
    <p class='ocr_par' dir='ltr' id='par_1_4' title="bbox 294 354 1931 651">
     <span class='ocr_line' id='line_1_4' title="bbox 294 354 1931 415; baseline -0.005 -9"><span class='ocrx_word' id='word_1_11' title='bbox 294 363 389 407; x_wconf 86' lang='lat' dir='ltr'><strong>D.r</strong></span> <span class='ocrx_word' id='word_1_12' title='bbox 410 361 620 405; x_wconf 80' lang='lat' dir='ltr'>Emundo</span> <span class='ocrx_word' id='word_1_13' title='bbox 645 362 656 382; x_wconf 90' lang='lat'>¹</span> <span class='ocrx_word' id='word_1_14' title='bbox 679 361 751 404; x_wconf 93' lang='lat' dir='ltr'>col</span> <span class='ocrx_word' id='word_1_15' title='bbox 773 362 827 404; x_wconf 89' lang='lat' dir='ltr'>P.</span> <span class='ocrx_word' id='word_1_16' title='bbox 851 359 1063 404; x_wconf 82' lang='lat' dir='ltr'>Couillon</span> <span class='ocrx_word' id='word_1_17' title='bbox 1083 372 1175 402; x_wconf 89' lang='lat' dir='ltr'>non</span> <span class='ocrx_word' id='word_1_18' title='bbox 1197 372 1306 415; x_wconf 90' lang='lat' dir='ltr'>pare</span> <span class='ocrx_word' id='word_1_19' title='bbox 1326 372 1353 401; x_wconf 90' lang='lat' dir='ltr'>a</span> <span class='ocrx_word' id='word_1_20' title='bbox 1368 358 1427 401; x_wconf 91' lang='lat' dir='ltr'>N.</span> <span class='ocrx_word' id='word_1_21' title='bbox 1450 358 1504 400; x_wconf 91' lang='lat' dir='ltr'>P.</span> <span class='ocrx_word' id='word_1_22' title='bbox 1523 371 1605 413; x_wconf 86' lang='lat' dir='ltr'>per</span> <span class='ocrx_word' id='word_1_23' title='bbox 1619 356 1663 401; x_wconf 97' lang='grc'>16</span> <span class='ocrx_word' id='word_1_24' title='bbox 1678 354 1856 412; x_wconf 78' lang='lat' dir='ltr'>ragioni</span> <span class='ocrx_word' id='word_1_25' title='bbox 1870 354 1931 397; x_wconf 92' lang='lat' dir='ltr'>da</span> 
     </span>
     <span class='ocr_line' id='line_1_5' title="bbox 294 433 1927 490; baseline -0.006 -7"><span class='ocrx_word' id='word_1_26' title='bbox 294 439 363 483; x_wconf 83' lang='lat' dir='ltr'>lui</span> <span class='ocrx_word' id='word_1_27' title='bbox 381 438 553 483; x_wconf 84' lang='lat' dir='ltr'>scritte.</span> <span class='ocrx_word' id='word_1_28' title='bbox 580 437 714 482; x_wconf 91' lang='lat' dir='ltr'>Circa</span> <span class='ocrx_word' id='word_1_29' title='bbox 733 437 765 480; x_wconf 93' lang='lat' dir='ltr'>li</span> <span class='ocrx_word' id='word_1_30' title='bbox 786 436 1015 480; x_wconf 86' lang='lat' dir='ltr'>fundatori</span> <span class='ocrx_word' id='word_1_31' title='bbox 1041 436 1086 479; x_wconf 90' lang='lat' dir='ltr'>lo</span> <span class='ocrx_word' id='word_1_32' title='bbox 1111 434 1392 479; x_wconf 84' lang='lat' dir='ltr'>accommodi</span> <span class='ocrx_word' id='word_1_33' title='bbox 1412 447 1555 478; x_wconf 91' lang='lat' dir='ltr'>como·</span> <span class='ocrx_word' id='word_1_34' title='bbox 1568 433 1600 477; x_wconf 94' lang='lat' dir='ltr'>li</span> <span class='ocrx_word' id='word_1_35' title='bbox 1621 434 1781 490; x_wconf 71' lang='lat' dir='ltr'>patera</span> <span class='ocrx_word' id='word_1_36' title='bbox 1801 445 1927 477; x_wconf 86' lang='lat' dir='ltr'>esser</span> 
     </span>
     <span class='ocr_line' id='line_1_6' title="bbox 295 507 1930 570; baseline -0.004 -11"><span class='ocrx_word' id='word_1_37' title='bbox 295 515 333 559; x_wconf 88' lang='lat' dir='ltr'>il</span> <span class='ocrx_word' id='word_1_38' title='bbox 353 517 537 568; x_wconf 86' lang='lat' dir='ltr'>douere,</span> <span class='ocrx_word' id='word_1_39' title='bbox 561 514 608 558; x_wconf 92' lang='lat' dir='ltr'>in</span> <span class='ocrx_word' id='word_1_40' title='bbox 631 515 764 558; x_wconf 91' lang='lat' dir='ltr'>modo</span> <span class='ocrx_word' id='word_1_41' title='bbox 785 516 872 559; x_wconf 91' lang='lat' dir='ltr'>che</span> <span class='ocrx_word' id='word_1_42' title='bbox 892 513 924 557; x_wconf 90' lang='lat' dir='ltr'>li</span> <span class='ocrx_word' id='word_1_43' title='bbox 942 512 1124 570; x_wconf 87' lang='lat' dir='ltr'>collegii</span> <span class='ocrx_word' id='word_1_44' title='bbox 1145 511 1255 556; x_wconf 92' lang='lat' dir='ltr'>noui</span> <span class='ocrx_word' id='word_1_45' title='bbox 1274 526 1367 555; x_wconf 89' lang='lat' dir='ltr'>non</span> <span class='ocrx_word' id='word_1_46' title='bbox 1388 510 1515 555; x_wconf 89' lang='lat' dir='ltr'>siano</span> <span class='ocrx_word' id='word_1_47' title='bbox 1537 510 1725 567; x_wconf 87' lang='lat' dir='ltr'>obligati</span> <span class='ocrx_word' id='word_1_48' title='bbox 1741 524 1769 553; x_wconf 91' lang='lat' dir='ltr'>a</span> <span class='ocrx_word' id='word_1_49' title='bbox 1789 508 1868 567; x_wconf 67' lang='lat' dir='ltr'>pisi</span> <span class='ocrx_word' id='word_1_50' title='bbox 1882 507 1930 552; x_wconf 85' lang='lat' dir='ltr'>di</span> 
     </span>
     <span class='ocr_line' id='line_1_7' title="bbox 298 587 1336 651; baseline -0.005 -15"><span class='ocrx_word' id='word_1_51' title='bbox 298 593 453 650; x_wconf 89' lang='lat' dir='ltr'>quello</span> <span class='ocrx_word' id='word_1_52' title='bbox 473 594 559 636; x_wconf 90' lang='lat' dir='ltr'>che</span> <span class='ocrx_word' id='word_1_53' title='bbox 579 598 733 635; x_wconf 88' lang='lat' dir='ltr'>nostre</span> <span class='ocrx_word' id='word_1_54' title='bbox 753 588 1070 651; x_wconf 86' lang='lat' dir='ltr'>constitutioni</span> <span class='ocrx_word' id='word_1_55' title='bbox 1090 587 1336 632; x_wconf 87' lang='lat' dir='ltr'>ricercano.</span> 
     </span>
    </p>

    <p class='ocr_par' dir='ltr' id='par_1_5' title="bbox 296 663 1932 1184">
     <span class='ocr_line' id='line_1_8' title="bbox 390 663 1927 725; baseline -0.004 -13"><span class='ocrx_word' id='word_1_56' title='bbox 390 681 433 712; x_wconf 89' lang='lat'>2.</span> <span class='ocrx_word' id='word_1_57' title='bbox 498 669 559 714; x_wconf 91' lang='lat' dir='ltr'>Se</span> <span class='ocrx_word' id='word_1_58' title='bbox 580 670 638 713; x_wconf 92' lang='lat' dir='ltr'>V.</span> <span class='ocrx_word' id='word_1_59' title='bbox 665 670 720 712; x_wconf 90' lang='lat' dir='ltr'>R.</span> <span class='ocrx_word' id='word_1_60' title='bbox 745 670 875 725; x_wconf 76' lang='lat' dir='ltr'>potra</span> <span class='ocrx_word' id='word_1_61' title='bbox 896 666 1077 711; x_wconf 87' lang='lat' dir='ltr'>riueder</span> <span class='ocrx_word' id='word_1_62' title='bbox 1098 666 1141 711; x_wconf 92' lang='lat' dir='ltr'>el</span> <span class='ocrx_word' id='word_1_63' title='bbox 1169 664 1475 709; x_wconf 88' lang='lat' dir='ltr'>cathechismo</span> <span class='ocrx_word' id='word_1_64' title='bbox 1503 665 1576 708; x_wconf 90' lang='lat' dir='ltr'>del</span> <span class='ocrx_word' id='word_1_65' title='bbox 1600 666 1653 708; x_wconf 94' lang='lat' dir='ltr'>P.</span> <span class='ocrx_word' id='word_1_66' title='bbox 1685 663 1871 708; x_wconf 89' lang='lat' dir='ltr'>Canisio</span> <span class='ocrx_word' id='word_1_67' title='bbox 1893 663 1927 717; x_wconf 78' lang='lat'>²,</span> 
     </span>
     <span class='ocr_line' id='line_1_9' title="bbox 298 740 1931 801; baseline -0.002 -12"><span class='ocrx_word' id='word_1_68' title='bbox 298 746 360 789; x_wconf 89' lang='lat' dir='ltr'>N.</span> <span class='ocrx_word' id='word_1_69' title='bbox 387 748 440 790; x_wconf 90' lang='lat' dir='ltr'>P.</span> <span class='ocrx_word' id='word_1_70' title='bbox 464 744 652 789; x_wconf 86' lang='lat' dir='ltr'>haueria</span> <span class='ocrx_word' id='word_1_71' title='bbox 671 760 699 789; x_wconf 90' lang='lat' dir='ltr'>a</span> <span class='ocrx_word' id='word_1_72' title='bbox 725 745 917 801; x_wconf 88' lang='lat' dir='ltr'>piacere:</span> <span class='ocrx_word' id='word_1_73' title='bbox 952 743 1134 800; x_wconf 90' lang='lat' dir='ltr'>quando</span> <span class='ocrx_word' id='word_1_74' title='bbox 1159 756 1253 785; x_wconf 91' lang='lat' dir='ltr'>non</span> <span class='ocrx_word' id='word_1_75' title='bbox 1280 755 1429 798; x_wconf 87' lang='lat' dir='ltr'>possa,</span> <span class='ocrx_word' id='word_1_76' title='bbox 1452 740 1483 783; x_wconf 91' lang='lat' dir='ltr'>li</span> <span class='ocrx_word' id='word_1_77' title='bbox 1511 755 1619 797; x_wconf 87' lang='lat' dir='ltr'>pare</span> <span class='ocrx_word' id='word_1_78' title='bbox 1645 740 1684 783; x_wconf 88' lang='lat' dir='ltr'>si</span> <span class='ocrx_word' id='word_1_79' title='bbox 1711 740 1931 796; x_wconf 84' lang='lat' dir='ltr'>potrebbe</span> 
     </span>
     <span class='ocr_line' id='line_1_10' title="bbox 298 816 1932 878; baseline -0.003 -12"><span class='ocrx_word' id='word_1_80' title='bbox 298 822 530 868; x_wconf 87' lang='lat' dir='ltr'>rimettere</span> <span class='ocrx_word' id='word_1_81' title='bbox 550 837 577 866; x_wconf 87' lang='lat' dir='ltr'>a</span> <span class='ocrx_word' id='word_1_82' title='bbox 597 837 716 876; x_wconf 87' lang='lat' dir='ltr'>esso,</span> <span class='ocrx_word' id='word_1_83' title='bbox 740 822 905 878; x_wconf 75' lang='lat' dir='ltr'>perche</span> <span class='ocrx_word' id='word_1_84' title='bbox 926 818 1187 877; x_wconf 88' lang='lat' dir='ltr'>bisognaria</span> <span class='ocrx_word' id='word_1_85' title='bbox 1208 832 1315 862; x_wconf 87' lang='lat' dir='ltr'>usar</span> <span class='ocrx_word' id='word_1_86' title='bbox 1335 818 1470 862; x_wconf 87' lang='lat' dir='ltr'>fretta</span> <span class='ocrx_word' id='word_1_87' title='bbox 1486 818 1560 862; x_wconf 92' lang='lat' dir='ltr'>nel</span> <span class='ocrx_word' id='word_1_88' title='bbox 1576 824 1775 874; x_wconf 89' lang='lat' dir='ltr'>stampar</span> <span class='ocrx_word' id='word_1_89' title='bbox 1795 816 1824 860; x_wconf 89' lang='lat' dir='ltr'>il</span> <span class='ocrx_word' id='word_1_90' title='bbox 1846 831 1932 861; x_wconf 89' lang='lat' dir='ltr'>suo</span> 
     </span>
     <span class='ocr_line' id='line_1_11' title="bbox 298 894 1927 956; baseline -0.004 -12"><span class='ocrx_word' id='word_1_91' title='bbox 298 899 620 953; x_wconf 87' lang='lat' dir='ltr'>cathechismo‚</span> <span class='ocrx_word' id='word_1_92' title='bbox 645 899 811 956; x_wconf 78' lang='lat' dir='ltr'>perche</span> <span class='ocrx_word' id='word_1_93' title='bbox 833 897 871 942; x_wconf 89' lang='lat' dir='ltr'>si</span> <span class='ocrx_word' id='word_1_94' title='bbox 891 898 1027 942; x_wconf 89' lang='lat' dir='ltr'>crede</span> <span class='ocrx_word' id='word_1_95' title='bbox 1048 897 1134 941; x_wconf 90' lang='lat' dir='ltr'>che</span> <span class='ocrx_word' id='word_1_96' title='bbox 1154 895 1229 940; x_wconf 92' lang='lat' dir='ltr'>del</span> <span class='ocrx_word' id='word_1_97' title='bbox 1250 894 1443 939; x_wconf 88' lang='lat' dir='ltr'>concilio</span> <span class='ocrx_word' id='word_1_98' title='bbox 1464 910 1522 939; x_wconf 90' lang='lat' dir='ltr'>ne</span> <span class='ocrx_word' id='word_1_99' title='bbox 1544 894 1692 938; x_wconf 75' lang='lat' dir='ltr'>uscira</span> <span class='ocrx_word' id='word_1_100' title='bbox 1715 909 1776 938; x_wconf 92' lang='lat' dir='ltr'>un</span> <span class='ocrx_word' id='word_1_101' title='bbox 1798 894 1927 946; x_wconf 82' lang='lat' dir='ltr'>altro,</span> 
     </span>
     <span class='ocr_line' id='line_1_12' title="bbox 296 960 1928 1032; baseline -0.004 -11"><span class='ocrx_word' id='word_1_102' title='bbox 296 985 344 1021; x_wconf 91' lang='lat' dir='ltr'>et</span> <span class='ocrx_word' id='word_1_103' title='bbox 365 976 482 1022; x_wconf 90' lang='lat' dir='ltr'>seria</span> <span class='ocrx_word' id='word_1_104' title='bbox 503 976 810 1022; x_wconf 90' lang='lat' dir='ltr'>conueniente</span> <span class='ocrx_word' id='word_1_105' title='bbox 836 976 878 1019; x_wconf 89' lang='lat' dir='ltr'>el</span> <span class='ocrx_word' id='word_1_106' title='bbox 907 973 1135 1032; x_wconf 90' lang='lat' dir='ltr'>preuenir.</span> <span class='ocrx_word' id='word_1_107' title='bbox 1169 960 1484 1029; x_wconf 67' lang='lat' dir='ltr'>Quantunqiie</span> <span class='ocrx_word' id='word_1_108' title='bbox 1512 973 1555 1016; x_wconf 91' lang='lat' dir='ltr'>el</span> <span class='ocrx_word' id='word_1_109' title='bbox 1587 974 1640 1016; x_wconf 92' lang='lat' dir='ltr'>P.</span> <span class='ocrx_word' id='word_1_110' title='bbox 1674 974 1732 1016; x_wconf 92' lang='lat' dir='ltr'>D.</span> <span class='ocrx_word' id='word_1_111' title='bbox 1765 973 1890 1028; x_wconf 87' lang='lat' dir='ltr'>Luys</span> <span class='ocrx_word' id='word_1_112' title='bbox 1914 972 1928 992; x_wconf 82' lang='lat'><strong>³</strong></span> 
     </span>
     <span class='ocr_line' id='line_1_13' title="bbox 296 1042 1931 1110; baseline -0.004 -13"><span class='ocrx_word' id='word_1_113' title='bbox 296 1058 485 1107; x_wconf 61' lang='lat' dir='ltr'>restare,</span> <span class='ocrx_word' id='word_1_114' title='bbox 510 1068 602 1098; x_wconf 91' lang='lat' dir='ltr'>non</span> <span class='ocrx_word' id='word_1_115' title='bbox 622 1053 731 1110; x_wconf 81' lang='lat' dir='ltr'>pero</span> <span class='ocrx_word' id='word_1_116' title='bbox 752 1052 922 1097; x_wconf 72' lang='lat' dir='ltr'>andara</span> <span class='ocrx_word' id='word_1_117' title='bbox 948 1066 975 1095; x_wconf 89' lang='lat' dir='ltr'>a</span> <span class='ocrx_word' id='word_1_118' title='bbox 1001 1042 1188 1107; x_wconf 79' lang='lat' dir='ltr'>Dilinga</span> <span class='ocrx_word' id='word_1_119' title='bbox 1214 1064 1295 1107; x_wconf 88' lang='lat' dir='ltr'>per</span> <span class='ocrx_word' id='word_1_120' title='bbox 1323 1063 1416 1093; x_wconf 91' lang='lat' dir='ltr'>non</span> <span class='ocrx_word' id='word_1_121' title='bbox 1442 1048 1684 1094; x_wconf 89' lang='lat' dir='ltr'>inclinarse</span> <span class='ocrx_word' id='word_1_122' title='bbox 1705 1049 1748 1094; x_wconf 90' lang='lat' dir='ltr'>el</span> <span class='ocrx_word' id='word_1_123' title='bbox 1769 1063 1796 1092; x_wconf 90' lang='lat' dir='ltr'>a</span> <span class='ocrx_word' id='word_1_124' title='bbox 1811 1049 1931 1093; x_wconf 90' lang='lat' dir='ltr'>Ger-</span> 
     </span>
     <span class='ocr_line' id='line_1_14' title="bbox 300 1125 1930 1184; baseline -0.004 -10"><span class='ocrx_word' id='word_1_125' title='bbox 300 1130 466 1184; x_wconf 87' lang='lat' dir='ltr'>mania,</span> <span class='ocrx_word' id='word_1_126' title='bbox 497 1138 543 1176; x_wconf 90' lang='lat' dir='ltr'>et</span> <span class='ocrx_word' id='word_1_127' title='bbox 570 1130 664 1174; x_wconf 86' lang='lat' dir='ltr'>cosi</span> <span class='ocrx_word' id='word_1_128' title='bbox 693 1131 872 1174; x_wconf 78' lang='lat' dir='ltr'>tomara</span> <span class='ocrx_word' id='word_1_129' title='bbox 899 1144 926 1173; x_wconf 92' lang='lat' dir='ltr'>a</span> <span class='ocrx_word' id='word_1_130' title='bbox 954 1130 1109 1172; x_wconf 92' lang='lat' dir='ltr'><strong>Roma.</strong></span> <span class='ocrx_word' id='word_1_131' title='bbox 1149 1129 1220 1171; x_wconf 92' lang='lat' dir='ltr'>De</span> <span class='ocrx_word' id='word_1_132' title='bbox 1257 1128 1401 1171; x_wconf 92' lang='lat' dir='ltr'>Romo</span> <span class='ocrx_word' id='word_1_133' title='bbox 1432 1126 1465 1179; x_wconf 82' lang='lat'>⁴,</span> <span class='ocrx_word' id='word_1_134' title='bbox 1490 1125 1522 1169; x_wconf 91' lang='lat' dir='ltr'>li</span> <span class='ocrx_word' id='word_1_135' title='bbox 1558 1137 1613 1181; x_wconf 90' lang='lat'>23</span> <span class='ocrx_word' id='word_1_136' title='bbox 1642 1126 1699 1171; x_wconf 92' lang='lat' dir='ltr'>de</span> <span class='ocrx_word' id='word_1_137' title='bbox 1727 1127 1930 1170; x_wconf 91' lang='lat' dir='ltr'>Nouem-</span> 
     </span>
    </p>
   </div>
   <div class='ocr_carea' id='block_1_5' title="bbox 296 1202 534 1263">
    <p class='ocr_par' dir='ltr' id='par_1_6' title="bbox 296 1202 534 1263">
     <span class='ocr_line' id='line_1_15' title="bbox 296 1202 534 1263; baseline 0.008 -11"><span class='ocrx_word' id='word_1_138' title='bbox 296 1202 381 1252; x_wconf 84' lang='lat' dir='ltr'>bre</span> <span class='ocrx_word' id='word_1_139' title='bbox 408 1209 534 1263; x_wconf 88' lang='lat'><strong>1563.</strong></span> 
     </span>
    </p>
   </div>
   <div class='ocr_carea' id='block_1_6' title="bbox 696 1351 1456 1490">
    <p class='ocr_par' dir='ltr' id='par_1_7' title="bbox 696 1351 1456 1490">
     <span class='ocr_line' id='line_1_16' title="bbox 1054 1351 1172 1394; baseline -0.017 1"><span class='ocrx_word' id='word_1_140' title='bbox 1054 1351 1172 1394; x_wconf 64' lang='lat'>382</span> 
     </span>
     <span class='ocr_line' id='line_1_17' title="bbox 696 1431 1456 1490; baseline 0 -11"><span class='ocrx_word' id='word_1_141' title='bbox 696 1431 700 1434; x_wconf 76' lang='grc'><strong>’</strong></span> <span class='ocrx_word' id='word_1_142' title='bbox 768 1444 812 1479; x_wconf 85' lang='grc' dir='ltr'>Ρ.</span> <span class='ocrx_word' id='word_1_143' title='bbox 841 1442 1082 1490; x_wconf 86' lang='lat' dir='ltr'>JOANNES</span> <span class='ocrx_word' id='word_1_144' title='bbox 1106 1443 1177 1478; x_wconf 88' lang='lat' dir='ltr'>DE</span> <span class='ocrx_word' id='word_1_145' title='bbox 1203 1439 1456 1479; x_wconf 88' lang='lat' dir='ltr'>POLANCO</span> 
     </span>
    </p>
   </div>
   <div class='ocr_carea' id='block_1_7' title="bbox 942 1525 1291 1562">
    <p class='ocr_par' dir='ltr' id='par_1_8' title="bbox 942 1525 1291 1562">
     <span class='ocr_line' id='line_1_18' title="bbox 942 1525 1291 1562; baseline -0.006 0"><span class='ocrx_word' id='word_1_146' title='bbox 942 1537 991 1562; x_wconf 87' lang='lat' dir='ltr'>ex</span> <span class='ocrx_word' id='word_1_147' title='bbox 1015 1525 1291 1562; x_wconf 87' lang='lat' dir='ltr'>commissione</span> 
     </span>
    </p>
   </div>
   <div class='ocr_carea' id='block_1_8' title="bbox 555 1608 1672 1656">
    <p class='ocr_par' dir='ltr' id='par_1_9' title="bbox 555 1608 1672 1656">
     <span class='ocr_line' id='line_1_19' title="bbox 555 1608 1672 1656; baseline -0.004 0"><span class='ocrx_word' id='word_1_148' title='bbox 555 1612 802 1656; x_wconf 91' lang='lat' dir='ltr'><strong>PATRI</strong></span> <span class='ocrx_word' id='word_1_149' title='bbox 849 1609 1345 1654; x_wconf 92' lang='lat' dir='ltr'><strong>HIERONYMO</strong></span> <span class='ocrx_word' id='word_1_150' title='bbox 1394 1608 1672 1652; x_wconf 91' lang='lat' dir='ltr'><strong>NADAL</strong></span> 
     </span>
    </p>
   </div>
   <div class='ocr_carea' id='block_1_9' title="bbox 735 1701 1496 1751">
    <p class='ocr_par' dir='ltr' id='par_1_10' title="bbox 735 1701 1496 1751">
     <span class='ocr_line' id='line_1_20' title="bbox 735 1701 1496 1751; baseline -0.005 -9"><span class='ocrx_word' id='word_1_151' title='bbox 735 1713 948 1750; x_wconf 70' lang='lat' dir='ltr'>ramim-n,</span> <span class='ocrx_word' id='word_1_152' title='bbox 988 1713 1034 1751; x_wconf 87' lang='lat'>29</span> <span class='ocrx_word' id='word_1_153' title='bbox 1072 1711 1310 1742; x_wconf 74' lang='lat' dir='ltr'>Novmfflms</span> <span class='ocrx_word' id='word_1_154' title='bbox 1352 1701 1442 1748; x_wconf 88' lang='lat'><strong>1563</strong></span> <span class='ocrx_word' id='word_1_155' title='bbox 1468 1702 1496 1738; x_wconf 84' lang='lat'>⁸.</span> 
     </span>
    </p>
   </div>
   <div class='ocr_carea' id='block_1_10' title="bbox 295 1778 1931 1948">
    <p class='ocr_par' dir='ltr' id='par_1_11' title="bbox 295 1778 1931 1948">
     <span class='ocr_line' id='line_1_21' title="bbox 295 1778 1931 1830; baseline -0.004 -11"><span class='ocrx_word' id='word_1_156' title='bbox 295 1793 334 1820; x_wconf 78' lang='lat'>1.</span> <span class='ocrx_word' id='word_1_157' title='bbox 353 1783 436 1819; x_wconf 82' lang='lat' dir='ltr'>Iter</span> <span class='ocrx_word' id='word_1_158' title='bbox 452 1782 615 1819; x_wconf 83' lang='lat' dir='ltr'>Natalis</span> <span class='ocrx_word' id='word_1_159' title='bbox 637 1782 890 1824; x_wconf 82' lang='lat' dir='ltr'>Tridentum,</span> <span class='ocrx_word' id='word_1_160' title='bbox 900 1784 977 1830; x_wconf 77' lang='lat' dir='ltr'>per</span> <span class='ocrx_word' id='word_1_161' title='bbox 994 1781 1292 1829; x_wconf 81' lang='lat' dir='ltr'>Ingolstadium</span> <span class='ocrx_word' id='word_1_162' title='bbox 1309 1782 1346 1816; x_wconf 82' lang='lat' dir='ltr'>et</span> <span class='ocrx_word' id='word_1_163' title='bbox 1359 1779 1633 1815; x_wconf 79' lang='lat' dir='ltr'>Monachium:</span> <span class='ocrx_word' id='word_1_164' title='bbox 1641 1779 1764 1826; x_wconf 79' lang='lat' dir='ltr'>pestis</span> <span class='ocrx_word' id='word_1_165' title='bbox 1786 1778 1931 1813; x_wconf 83' lang='lat' dir='ltr'>Vindo-</span> 
     </span>
     <span class='ocr_line' id='line_1_22' title="bbox 370 1838 1930 1890; baseline -0.004 -11"><span class='ocrx_word' id='word_1_166' title='bbox 370 1843 636 1887; x_wconf 85' lang='lat' dir='ltr'><strong>bonae.—-2-4.</strong></span> <span class='ocrx_word' id='word_1_167' title='bbox 662 1842 738 1878; x_wconf 83' lang='lat' dir='ltr'>Res</span> <span class='ocrx_word' id='word_1_168' title='bbox 759 1842 920 1890; x_wconf 86' lang='lat' dir='ltr'>collegii</span> <span class='ocrx_word' id='word_1_169' title='bbox 943 1841 1241 1889; x_wconf 84' lang='lat' dir='ltr'><strong>Dilingae.—5.</strong></span> <span class='ocrx_word' id='word_1_170' title='bbox 1266 1839 1416 1875; x_wconf 80' lang='lat' dir='ltr'>Mentio</span> <span class='ocrx_word' id='word_1_171' title='bbox 1440 1839 1647 1875; x_wconf 84' lang='lat' dir='ltr'>Societatis</span> <span class='ocrx_word' id='word_1_172' title='bbox 1662 1838 1860 1886; x_wconf 85' lang='lat' dir='ltr'>facienda</span> <span class='ocrx_word' id='word_1_173' title='bbox 1885 1838 1930 1872; x_wconf 84' lang='lat' dir='ltr'>in</span> 
     </span>
     <span class='ocr_line' id='line_1_23' title="bbox 371 1903 530 1948; baseline -0.013 -9"><span class='ocrx_word' id='word_1_174' title='bbox 371 1903 530 1948; x_wconf 82' lang='lat' dir='ltr'>synodo.</span> 
     </span>
    </p>
   </div>
   <div class='ocr_carea' id='block_1_11' title="bbox 293 1975 1929 2420">
    <p class='ocr_par' dir='ltr' id='par_1_12' title="bbox 293 1975 1929 2420">
     <span class='ocr_line' id='line_1_24' title="bbox 395 1975 1929 2036; baseline -0.003 -13"><span class='ocrx_word' id='word_1_175' title='bbox 395 1993 431 2023; x_wconf 86' lang='grc' dir='ltr'>Ι.</span> <span class='ocrx_word' id='word_1_176' title='bbox 499 1982 594 2023; x_wconf 87' lang='lat' dir='ltr'>Pax</span> <span class='ocrx_word' id='word_1_177' title='bbox 616 1979 720 2036; x_wconf 92' lang='lat' dir='ltr'>Xpi.</span> <span class='ocrx_word' id='word_1_178' title='bbox 746 1978 982 2023; x_wconf 89' lang='lat' dir='ltr'>Rieeuette</span> <span class='ocrx_word' id='word_1_179' title='bbox 1004 1979 1063 2022; x_wconf 92' lang='lat' dir='ltr'><strong>N.</strong></span> <span class='ocrx_word' id='word_1_180' title='bbox 1090 1979 1138 2021; x_wconf 92' lang='lat' dir='ltr'><strong>P.</strong></span> <span class='ocrx_word' id='word_1_181' title='bbox 1165 1977 1314 2032; x_wconf 88' lang='lat' dir='ltr'>quella</span> <span class='ocrx_word' id='word_1_182' title='bbox 1334 1977 1392 2020; x_wconf 91' lang='lat' dir='ltr'>de</span> <span class='ocrx_word' id='word_1_183' title='bbox 1414 1977 1472 2020; x_wconf 91' lang='lat' dir='ltr'><strong>V.</strong></span> <span class='ocrx_word' id='word_1_184' title='bbox 1498 1977 1552 2019; x_wconf 90' lang='lat' dir='ltr'><strong>R.</strong></span> <span class='ocrx_word' id='word_1_185' title='bbox 1579 1976 1636 2020; x_wconf 93' lang='lat' dir='ltr'>de</span> <span class='ocrx_word' id='word_1_186' title='bbox 1664 1988 1715 2033; x_wconf 83' lang='lat'>19</span> <span class='ocrx_word' id='word_1_187' title='bbox 1731 1975 1805 2018; x_wconf 90' lang='lat' dir='ltr'>del</span> <span class='ocrx_word' id='word_1_188' title='bbox 1826 1988 1929 2031; x_wconf 88' lang='lat' dir='ltr'>pre—</span> 
     </span>
     <span class='ocr_line' id='line_1_25' title="bbox 297 2053 1928 2112; baseline -0.004 -11"><span class='ocrx_word' id='word_1_189' title='bbox 297 2064 427 2102; x_wconf 86' lang='lat' dir='ltr'>sente</span> <span class='ocrx_word' id='word_1_190' title='bbox 454 2058 488 2110; x_wconf 65' lang='grc'>6,</span> <span class='ocrx_word' id='word_1_191' title='bbox 519 2063 565 2101; x_wconf 90' lang='lat' dir='ltr'>et</span> <span class='ocrx_word' id='word_1_192' title='bbox 591 2056 634 2100; x_wconf 88' lang='lat' dir='ltr'>la</span> <span class='ocrx_word' id='word_1_193' title='bbox 661 2055 852 2112; x_wconf 81' lang='lat' dir='ltr'>risposta</span> <span class='ocrx_word' id='word_1_194' title='bbox 879 2070 929 2100; x_wconf 91' lang='lat' dir='ltr'>se</span> <span class='ocrx_word' id='word_1_195' title='bbox 955 2054 1159 2098; x_wconf 79' lang='lat' dir='ltr'>drizzara</span> <span class='ocrx_word' id='word_1_196' title='bbox 1187 2053 1234 2096; x_wconf 93' lang='lat' dir='ltr'>in</span> <span class='ocrx_word' id='word_1_197' title='bbox 1262 2055 1435 2110; x_wconf 87' lang='lat' dir='ltr'>Ispruc,</span> <span class='ocrx_word' id='word_1_198' title='bbox 1461 2053 1651 2096; x_wconf 85' lang='lat' dir='ltr'>facendo</span> <span class='ocrx_word' id='word_1_199' title='bbox 1678 2058 1814 2095; x_wconf 92' lang='lat' dir='ltr'>conto</span> <span class='ocrx_word' id='word_1_200' title='bbox 1842 2053 1928 2106; x_wconf 88' lang='lat' dir='ltr'>che</span> 
     </span>
     <span class='ocr_line' id='line_1_26' title="bbox 296 2127 1927 2188; baseline -0.004 -10"><span class='ocrx_word' id='word_1_201' title='bbox 296 2134 354 2178; x_wconf 90' lang='lat' dir='ltr'><strong>V.</strong></span> <span class='ocrx_word' id='word_1_202' title='bbox 383 2135 438 2177; x_wconf 90' lang='lat' dir='ltr'>R.</span> <span class='ocrx_word' id='word_1_203' title='bbox 470 2133 508 2177; x_wconf 90' lang='grc'>31</span> <span class='ocrx_word' id='word_1_204' title='bbox 542 2134 722 2176; x_wconf 73' lang='lat' dir='ltr'>trouara</span> <span class='ocrx_word' id='word_1_205' title='bbox 755 2131 800 2175; x_wconf 91' lang='lat' dir='ltr'>di</span> <span class='ocrx_word' id='word_1_206' title='bbox 825 2133 869 2175; x_wconf 78' lang='lat' dir='ltr'>la</span> <span class='ocrx_word' id='word_1_207' title='bbox 895 2132 1079 2188; x_wconf 87' lang='lat' dir='ltr'>quando</span> <span class='ocrx_word' id='word_1_208' title='bbox 1114 2137 1274 2187; x_wconf 84' lang='lat' dir='ltr'>questa</span> <span class='ocrx_word' id='word_1_209' title='bbox 1303 2130 1522 2183; x_wconf 81' lang='lat' dir='ltr'>arriuara,</span> <span class='ocrx_word' id='word_1_210' title='bbox 1554 2136 1598 2174; x_wconf 91' lang='lat' dir='ltr'>et</span> <span class='ocrx_word' id='word_1_211' title='bbox 1627 2131 1774 2173; x_wconf 88' lang='lat' dir='ltr'>anche</span> <span class='ocrx_word' id='word_1_212' title='bbox 1802 2127 1927 2172; x_wconf 79' lang='grc' dir='ltr'><strong>361τό</strong></span> 
     </span>
     <span class='ocr_line' id='line_1_27' title="bbox 297 2204 1926 2266; baseline -0.004 -13"><span class='ocrx_word' id='word_1_213' title='bbox 297 2211 455 2263; x_wconf 88' lang='lat' dir='ltr'>breue,</span> <span class='ocrx_word' id='word_1_214' title='bbox 486 2210 653 2266; x_wconf 78' lang='lat' dir='ltr'>perche</span> <span class='ocrx_word' id='word_1_215' title='bbox 679 2208 837 2252; x_wconf 92' lang='lat' dir='ltr'>dubito</span> <span class='ocrx_word' id='word_1_216' title='bbox 864 2210 964 2253; x_wconf 75' lang='lat' dir='ltr'>sera</span> <span class='ocrx_word' id='word_1_217' title='bbox 991 2207 1036 2251; x_wconf 92' lang='lat' dir='ltr'>di</span> <span class='ocrx_word' id='word_1_218' title='bbox 1065 2209 1108 2251; x_wconf 75' lang='lat' dir='ltr'>la</span> <span class='ocrx_word' id='word_1_219' title='bbox 1141 2206 1306 2264; x_wconf 91' lang='lat' dir='ltr'>partito</span> <span class='ocrx_word' id='word_1_220' title='bbox 1333 2221 1414 2263; x_wconf 89' lang='lat' dir='ltr'>per</span> <span class='ocrx_word' id='word_1_221' title='bbox 1443 2208 1635 2259; x_wconf 86' lang='lat' dir='ltr'>Trento;</span> <span class='ocrx_word' id='word_1_222' title='bbox 1666 2206 1864 2250; x_wconf 88' lang='lat' dir='ltr'>secondo</span> <span class='ocrx_word' id='word_1_223' title='bbox 1895 2204 1926 2247; x_wconf 92' lang='lat' dir='ltr'>il</span> 
     </span>
     <span class='ocr_line' id='line_1_28' title="bbox 293 2281 1928 2343; baseline -0.004 -13"><span class='ocrx_word' id='word_1_224' title='bbox 293 2294 432 2331; x_wconf 86' lang='lat' dir='ltr'>conto</span> <span class='ocrx_word' id='word_1_225' title='bbox 454 2288 539 2331; x_wconf 92' lang='grc'><strong>6116</strong></span> <span class='ocrx_word' id='word_1_226' title='bbox 560 2286 598 2330; x_wconf 85' lang='grc'>31</span> <span class='ocrx_word' id='word_1_227' title='bbox 618 2286 710 2343; x_wconf 82' lang='lat' dir='ltr'>puo</span> <span class='ocrx_word' id='word_1_228' title='bbox 738 2286 831 2330; x_wconf 89' lang='lat' dir='ltr'>fare</span> <span class='ocrx_word' id='word_1_229' title='bbox 857 2285 963 2329; x_wconf 90' lang='lat' dir='ltr'>delli</span> <span class='ocrx_word' id='word_1_230' title='bbox 990 2284 1140 2342; x_wconf 86' lang='lat' dir='ltr'>giorni</span> <span class='ocrx_word' id='word_1_231' title='bbox 1167 2285 1253 2328; x_wconf 91' lang='lat' dir='ltr'>che</span> <span class='ocrx_word' id='word_1_232' title='bbox 1281 2285 1339 2328; x_wconf 94' lang='lat' dir='ltr'>V.</span> <span class='ocrx_word' id='word_1_233' title='bbox 1372 2285 1426 2328; x_wconf 91' lang='lat' dir='ltr'>R.</span> <span class='ocrx_word' id='word_1_234' title='bbox 1458 2283 1559 2327; x_wconf 90' lang='lat' dir='ltr'>dice</span> <span class='ocrx_word' id='word_1_235' title='bbox 1587 2298 1637 2327; x_wconf 90' lang='grc'>36</span> <span class='ocrx_word' id='word_1_236' title='bbox 1667 2283 1859 2326; x_wconf 79' lang='lat' dir='ltr'>fermara</span> <span class='ocrx_word' id='word_1_237' title='bbox 1881 2281 1928 2324; x_wconf 91' lang='lat' dir='ltr'>in</span> 
     </span>
     <span class='ocr_line' id='line_1_29' title="bbox 299 2358 1927 2420; baseline -0.003 -14"><span class='ocrx_word' id='word_1_238' title='bbox 299 2363 573 2420; x_wconf 85' lang='lat' dir='ltr'>Ingolstadio</span> <span class='ocrx_word' id='word_1_239' title='bbox 594 2370 640 2407; x_wconf 93' lang='lat' dir='ltr'>et</span> <span class='ocrx_word' id='word_1_240' title='bbox 662 2362 903 2407; x_wconf 90' lang='lat' dir='ltr'>Monachio</span> <span class='ocrx_word' id='word_1_241' title='bbox 927 2364 957 2405; x_wconf 89' lang='lat'>⁷.</span> <span class='ocrx_word' id='word_1_242' title='bbox 983 2363 1048 2406; x_wconf 90' lang='lat' dir='ltr'>La</span> <span class='ocrx_word' id='word_1_243' title='bbox 1069 2367 1196 2418; x_wconf 85' lang='lat' dir='ltr'>peste</span> <span class='ocrx_word' id='word_1_244' title='bbox 1217 2362 1274 2405; x_wconf 92' lang='lat' dir='ltr'>de</span> <span class='ocrx_word' id='word_1_245' title='bbox 1302 2360 1479 2405; x_wconf 83' lang='lat' dir='ltr'>Vienna</span> <span class='ocrx_word' id='word_1_246' title='bbox 1507 2376 1533 2404; x_wconf 91' lang='lat' dir='ltr'>a</span> <span class='ocrx_word' id='word_1_247' title='bbox 1556 2359 1662 2404; x_wconf 88' lang='lat' dir='ltr'>tutti</span> <span class='ocrx_word' id='word_1_248' title='bbox 1689 2359 1730 2402; x_wconf 92' lang='lat' dir='ltr'>ci</span> <span class='ocrx_word' id='word_1_249' title='bbox 1758 2360 1816 2403; x_wconf 74' lang='lat' dir='ltr'>da</span> <span class='ocrx_word' id='word_1_250' title='bbox 1836 2358 1927 2402; x_wconf 86' lang='lat' dir='ltr'>sol-</span> 
     </span>
    </p>
   </div>
   <div class='ocr_carea' id='block_1_12' title="bbox 300 2447 578 2452">
    <p class='ocr_par' dir='ltr' id='par_1_13' title="bbox 300 2447 578 2452">
     <span class='ocr_line' id='line_1_30' title="bbox 300 2447 578 2452; baseline 0 0"><span class='ocrx_word' id='word_1_251' title='bbox 300 2447 578 2452; x_wconf 95' lang='lat' dir='ltr'> </span> 
     </span>
    </p>
   </div>
   <div class='ocr_carea' id='block_1_13' title="bbox 293 2472 1931 3114">
    <p class='ocr_par' dir='ltr' id='par_1_14' title="bbox 370 2472 1679 2522">
     <span class='ocr_line' id='line_1_31' title="bbox 370 2472 1679 2522; baseline -0.002 -11"><span class='ocrx_word' id='word_1_252' title='bbox 370 2476 380 2495; x_wconf 85' lang='lat'>¹</span> <span class='ocrx_word' id='word_1_253' title='bbox 431 2474 659 2511; x_wconf 89' lang='lat' dir='ltr'>Edmundus</span> <span class='ocrx_word' id='word_1_254' title='bbox 676 2479 822 2519; x_wconf 86' lang='lat' dir='ltr'>scotus,</span> <span class='ocrx_word' id='word_1_255' title='bbox 840 2474 889 2510; x_wconf 88' lang='lat' dir='ltr'>de</span> <span class='ocrx_word' id='word_1_256' title='bbox 907 2485 984 2522; x_wconf 87' lang='lat' dir='ltr'>quo</span> <span class='ocrx_word' id='word_1_257' title='bbox 1001 2473 1157 2521; x_wconf 83' lang='lat' dir='ltr'>saepius</span> <span class='ocrx_word' id='word_1_258' title='bbox 1176 2473 1216 2509; x_wconf 90' lang='lat' dir='ltr'>in</span> <span class='ocrx_word' id='word_1_259' title='bbox 1234 2472 1500 2520; x_wconf 87' lang='lat' dir='ltr'>superioribus</span> <span class='ocrx_word' id='word_1_260' title='bbox 1518 2472 1679 2509; x_wconf 87' lang='lat' dir='ltr'>litteris.</span> 
     </span>
    </p>

    <p class='ocr_par' dir='ltr' id='par_1_15' title="bbox 369 2533 909 2581">
     <span class='ocr_line' id='line_1_32' title="bbox 369 2533 909 2581; baseline 0.002 -13"><span class='ocrx_word' id='word_1_261' title='bbox 369 2537 383 2556; x_wconf 77' lang='lat'>²</span> <span class='ocrx_word' id='word_1_262' title='bbox 434 2533 534 2569; x_wconf 89' lang='lat' dir='ltr'>Vide</span> <span class='ocrx_word' id='word_1_263' title='bbox 553 2534 672 2581; x_wconf 88' lang='lat' dir='ltr'><strong>epist.</strong></span> <span class='ocrx_word' id='word_1_264' title='bbox 695 2533 779 2580; x_wconf 87' lang='lat'><strong>232,</strong></span> <span class='ocrx_word' id='word_1_265' title='bbox 797 2546 841 2569; x_wconf 89' lang='lat' dir='ltr'><strong>n.</strong></span> <span class='ocrx_word' id='word_1_266' title='bbox 871 2543 909 2570; x_wconf 86' lang='lat'>2.</span> 
     </span>
    </p>

    <p class='ocr_par' dir='ltr' id='par_1_16' title="bbox 368 2592 1016 2629">
     <span class='ocr_line' id='line_1_33' title="bbox 368 2592 1016 2629; baseline 0.002 -1"><span class='ocrx_word' id='word_1_267' title='bbox 368 2594 382 2614; x_wconf 77' lang='lat'><strong>³</strong></span> <span class='ocrx_word' id='word_1_268' title='bbox 431 2593 480 2628; x_wconf 94' lang='lat' dir='ltr'>P.</span> <span class='ocrx_word' id='word_1_269' title='bbox 503 2593 726 2629; x_wconf 91' lang='lat' dir='ltr'>Ludovicus</span> <span class='ocrx_word' id='word_1_270' title='bbox 743 2593 792 2629; x_wconf 91' lang='lat' dir='ltr'>de</span> <span class='ocrx_word' id='word_1_271' title='bbox 811 2592 1016 2629; x_wconf 88' lang='lat' dir='ltr'>Mendoza.</span> 
     </span>
    </p>

    <p class='ocr_par' dir='ltr' id='par_1_17' title="bbox 293 2648 1931 2759">
     <span class='ocr_line' id='line_1_34' title="bbox 367 2648 1931 2700; baseline -0.003 -13"><span class='ocrx_word' id='word_1_272' title='bbox 367 2655 382 2674; x_wconf 79' lang='lat'><strong>⁴</strong></span> <span class='ocrx_word' id='word_1_273' title='bbox 431 2652 510 2700; x_wconf 84' lang='lat' dir='ltr'>Sic,</span> <span class='ocrx_word' id='word_1_274' title='bbox 541 2663 672 2688; x_wconf 89' lang='lat' dir='ltr'>errore</span> <span class='ocrx_word' id='word_1_275' title='bbox 694 2652 855 2698; x_wconf 85' lang='lat' dir='ltr'>librarii,</span> <span class='ocrx_word' id='word_1_276' title='bbox 882 2652 950 2700; x_wconf 87' lang='lat' dir='ltr'>qui</span> <span class='ocrx_word' id='word_1_277' title='bbox 972 2664 1062 2688; x_wconf 91' lang='lat' dir='ltr'>cum</span> <span class='ocrx_word' id='word_1_278' title='bbox 1087 2652 1127 2687; x_wconf 89' lang='lat' dir='ltr'>in</span> <span class='ocrx_word' id='word_1_279' title='bbox 1156 2655 1289 2687; x_wconf 84' lang='lat' dir='ltr'>mente</span> <span class='ocrx_word' id='word_1_280' title='bbox 1318 2651 1483 2686; x_wconf 87' lang='lat' dir='ltr'>haberet</span> <span class='ocrx_word' id='word_1_281' title='bbox 1511 2660 1648 2685; x_wconf 91' lang='lat' dir='ltr'>vocem</span> <span class='ocrx_word' id='word_1_282' title='bbox 1679 2648 1823 2690; x_wconf 86' lang='lat' dir='ltr'>Roma,</span> <span class='ocrx_word' id='word_1_283' title='bbox 1852 2659 1931 2695; x_wconf 87' lang='lat' dir='ltr'>qua</span> 
     </span>
     <span class='ocr_line' id='line_1_35' title="bbox 293 2711 1226 2759; baseline -0.002 -11"><span class='ocrx_word' id='word_1_284' title='bbox 293 2711 440 2748; x_wconf 85' lang='lat' dir='ltr'>desinit</span> <span class='ocrx_word' id='word_1_285' title='bbox 456 2711 636 2759; x_wconf 88' lang='lat' dir='ltr'>epistola,</span> <span class='ocrx_word' id='word_1_286' title='bbox 653 2712 778 2748; x_wconf 84' lang='lat' dir='ltr'>Romo</span> <span class='ocrx_word' id='word_1_287' title='bbox 795 2711 951 2759; x_wconf 86' lang='lat' dir='ltr'>scripsit</span> <span class='ocrx_word' id='word_1_288' title='bbox 969 2723 1038 2758; x_wconf 92' lang='lat' dir='ltr'>pro</span> <span class='ocrx_word' id='word_1_289' title='bbox 1062 2711 1226 2747; x_wconf 80' lang='lat' dir='ltr'>Trento.</span> 
     </span>
    </p>

    <p class='ocr_par' dir='ltr' id='par_1_18' title="bbox 363 2767 1657 2818">
     <span class='ocr_line' id='line_1_36' title="bbox 363 2767 1657 2818; baseline -0.002 -12"><span class='ocrx_word' id='word_1_290' title='bbox 363 2773 378 2794; x_wconf 83' lang='lat'>⁵</span> <span class='ocrx_word' id='word_1_291' title='bbox 427 2772 486 2806; x_wconf 84' lang='lat' dir='ltr'>Ex</span> <span class='ocrx_word' id='word_1_292' title='bbox 502 2771 689 2818; x_wconf 87' lang='lat' dir='ltr'>Regesto,</span> <span class='ocrx_word' id='word_1_293' title='bbox 710 2770 808 2807; x_wconf 86' lang='lat' dir='ltr'><strong>Cod.</strong></span> <span class='ocrx_word' id='word_1_294' title='bbox 835 2781 879 2817; x_wconf 84' lang='lat'>33</span> <span class='ocrx_word' id='word_1_295' title='bbox 895 2771 956 2817; x_wconf 85' lang='lat' dir='ltr'>d),</span> <span class='ocrx_word' id='word_1_296' title='bbox 974 2770 1046 2806; x_wconf 84' lang='lat' dir='ltr'><strong>fol.</strong></span> <span class='ocrx_word' id='word_1_297' title='bbox 1069 2768 1152 2816; x_wconf 88' lang='lat'><strong>379.</strong></span> <span class='ocrx_word' id='word_1_298' title='bbox 1169 2770 1214 2805; x_wconf 90' lang='lat' dir='ltr'>In</span> <span class='ocrx_word' id='word_1_299' title='bbox 1232 2768 1420 2815; x_wconf 86' lang='lat' dir='ltr'>margine:</span> <span class='ocrx_word' id='word_1_300' title='bbox 1442 2769 1493 2804; x_wconf 91' lang='lat' dir='ltr'>P.</span> <span class='ocrx_word' id='word_1_301' title='bbox 1513 2767 1657 2803; x_wconf 81' lang='lat' dir='ltr'><strong>Natal.</strong></span> 
     </span>
    </p>

    <p class='ocr_par' dir='ltr' id='par_1_19' title="bbox 361 2825 1640 2877">
     <span class='ocr_line' id='line_1_37' title="bbox 361 2825 1640 2877; baseline -0.003 -11"><span class='ocrx_word' id='word_1_302' title='bbox 361 2830 378 2850; x_wconf 75' lang='lat'>⁸</span> <span class='ocrx_word' id='word_1_303' title='bbox 426 2829 491 2866; x_wconf 86' lang='lat' dir='ltr'>Ad</span> <span class='ocrx_word' id='word_1_304' title='bbox 507 2841 578 2865; x_wconf 90' lang='lat' dir='ltr'>nos</span> <span class='ocrx_word' id='word_1_305' title='bbox 594 2831 691 2866; x_wconf 87' lang='lat' dir='ltr'>haec</span> <span class='ocrx_word' id='word_1_306' title='bbox 707 2830 873 2877; x_wconf 88' lang='lat' dir='ltr'>epistola</span> <span class='ocrx_word' id='word_1_307' title='bbox 890 2829 1050 2865; x_wconf 91' lang='lat' dir='ltr'>minime</span> <span class='ocrx_word' id='word_1_308' title='bbox 1067 2828 1263 2876; x_wconf 89' lang='lat' dir='ltr'>pervenit.</span> <span class='ocrx_word' id='word_1_309' title='bbox 1288 2827 1389 2864; x_wconf 87' lang='lat' dir='ltr'>Vide</span> <span class='ocrx_word' id='word_1_310' title='bbox 1407 2828 1528 2875; x_wconf 86' lang='lat' dir='ltr'>epist.</span> <span class='ocrx_word' id='word_1_311' title='bbox 1552 2825 1640 2862; x_wconf 87' lang='lat'><strong>328.</strong></span> 
     </span>
    </p>

    <p class='ocr_par' dir='ltr' id='par_1_20' title="bbox 294 2880 1930 3114">
     <span class='ocr_line' id='line_1_38' title="bbox 365 2880 1924 2935; baseline -0.004 -10"><span class='ocrx_word' id='word_1_312' title='bbox 365 2892 378 2911; x_wconf 77' lang='lat'>⁷</span> <span class='ocrx_word' id='word_1_313' title='bbox 427 2888 578 2925; x_wconf 83' lang='lat' dir='ltr'>Natalis</span> <span class='ocrx_word' id='word_1_314' title='bbox 596 2880 778 2935; x_wconf 84' lang='lat' dir='ltr'>Dilingae</span> <span class='ocrx_word' id='word_1_315' title='bbox 801 2900 878 2925; x_wconf 88' lang='lat' dir='ltr'>uno</span> <span class='ocrx_word' id='word_1_316' title='bbox 897 2900 1032 2925; x_wconf 78' lang='lat' dir='ltr'>mense</span> <span class='ocrx_word' id='word_1_317' title='bbox 1056 2893 1236 2924; x_wconf 87' lang='lat' dir='ltr'>versatus</span> <span class='ocrx_word' id='word_1_318' title='bbox 1258 2892 1335 2934; x_wconf 88' lang='lat' dir='ltr'>est,</span> <span class='ocrx_word' id='word_1_319' title='bbox 1359 2891 1403 2923; x_wconf 88' lang='lat' dir='ltr'>ut</span> <span class='ocrx_word' id='word_1_320' title='bbox 1426 2887 1512 2934; x_wconf 88' lang='lat' dir='ltr'>ipse</span> <span class='ocrx_word' id='word_1_321' title='bbox 1542 2885 1647 2921; x_wconf 87' lang='lat' dir='ltr'>Patri</span> <span class='ocrx_word' id='word_1_322' title='bbox 1667 2884 1795 2920; x_wconf 83' lang='lat' dir='ltr'>Araoz</span> <span class='ocrx_word' id='word_1_323' title='bbox 1810 2882 1876 2919; x_wconf 80' lang='lat' dir='ltr'>die</span> <span class='ocrx_word' id='word_1_324' title='bbox 1908 2891 1924 2919; x_wconf 91' lang='lat'>1</span> 
     </span>
     <span class='ocr_line' id='line_1_39' title="bbox 295 2942 1928 2994; baseline -0.004 -10"><span class='ocrx_word' id='word_1_325' title='bbox 295 2948 496 2985; x_wconf 86' lang='lat' dir='ltr'>Februarii</span> <span class='ocrx_word' id='word_1_326' title='bbox 517 2948 606 2993; x_wconf 84' lang='lat'>1564</span> <span class='ocrx_word' id='word_1_327' title='bbox 630 2947 803 2994; x_wconf 86' lang='lat' dir='ltr'>scripsit.</span> <span class='ocrx_word' id='word_1_328' title='bbox 832 2947 947 2985; x_wconf 88' lang='lat' dir='ltr'>Unde</span> <span class='ocrx_word' id='word_1_329' title='bbox 969 2947 1072 2984; x_wconf 87' lang='lat' dir='ltr'>circa</span> <span class='ocrx_word' id='word_1_330' title='bbox 1094 2946 1199 2983; x_wconf 82' lang='lat' dir='ltr'>diem</span> <span class='ocrx_word' id='word_1_331' title='bbox 1223 2954 1265 2982; x_wconf 86' lang='lat'>21</span> <span class='ocrx_word' id='word_1_332' title='bbox 1292 2945 1527 2981; x_wconf 87' lang='lat' dir='ltr'>Novembris</span> <span class='ocrx_word' id='word_1_333' title='bbox 1552 2942 1836 2991; x_wconf 82' lang='lat' dir='ltr'>Ingolstadium</span> <span class='ocrx_word' id='word_1_334' title='bbox 1860 2954 1928 2989; x_wconf 87' lang='lat' dir='ltr'>pe·</span> 
     </span>
     <span class='ocr_line' id='line_1_40' title="bbox 294 3002 1930 3053; baseline -0.004 -10"><span class='ocrx_word' id='word_1_335' title='bbox 294 3007 406 3044; x_wconf 88' lang='lat' dir='ltr'>tiisse</span> <span class='ocrx_word' id='word_1_336' title='bbox 424 3008 588 3043; x_wconf 84' lang='lat' dir='ltr'>eruitur.</span> <span class='ocrx_word' id='word_1_337' title='bbox 611 3006 841 3043; x_wconf 87' lang='lat' dir='ltr'>Tridentum</span> <span class='ocrx_word' id='word_1_338' title='bbox 858 3012 990 3043; x_wconf 90' lang='lat' dir='ltr'>autem</span> <span class='ocrx_word' id='word_1_339' title='bbox 1003 3006 1067 3042; x_wconf 91' lang='lat' dir='ltr'>die</span> <span class='ocrx_word' id='word_1_340' title='bbox 1081 3005 1196 3042; x_wconf 86' lang='lat' dir='ltr'>tertia</span> <span class='ocrx_word' id='word_1_341' title='bbox 1207 3017 1229 3041; x_wconf 89' lang='lat' dir='ltr'>a</span> <span class='ocrx_word' id='word_1_342' title='bbox 1243 3004 1393 3053; x_wconf 86' lang='lat' dir='ltr'>synodo</span> <span class='ocrx_word' id='word_1_343' title='bbox 1406 3006 1585 3041; x_wconf 88' lang='lat' dir='ltr'>absoluta</span> <span class='ocrx_word' id='word_1_344' title='bbox 1602 3002 1798 3051; x_wconf 86' lang='lat' dir='ltr'>pervenit,</span> <span class='ocrx_word' id='word_1_345' title='bbox 1812 3006 1930 3049; x_wconf 83' lang='lat' dir='ltr'>prout</span> 
     </span>
     <span class='ocr_line' id='line_1_41' title="bbox 298 3065 928 3114; baseline -0.003 -11"><span class='ocrx_word' id='word_1_346' title='bbox 298 3067 402 3103; x_wconf 88' lang='lat' dir='ltr'>idem</span> <span class='ocrx_word' id='word_1_347' title='bbox 420 3067 460 3103; x_wconf 91' lang='lat' dir='ltr'>in</span> <span class='ocrx_word' id='word_1_348' title='bbox 478 3066 615 3103; x_wconf 90' lang='lat' dir='ltr'>eadem</span> <span class='ocrx_word' id='word_1_349' title='bbox 632 3066 796 3114; x_wconf 86' lang='lat' dir='ltr'>epistola</span> <span class='ocrx_word' id='word_1_350' title='bbox 812 3065 928 3101; x_wconf 85' lang='lat' dir='ltr'>dixit.</span> 
     </span>
    </p>
   </div>
  </div>
 </body>
</html>
