2196 3522
1023 281 1114 328 1553
1839 293 1882 331 Ι9

250 381 531 426 Collationes
563 384 735 429 multae
772 384 954 430 habitae
989 400 1016 429 a
1051 384 1265 442 prandio,
1298 399 1414 441 quae
1445 386 1551 429 'non
1588 385 1775 430 fuerunt
1810 384 1883 428 in-

251 457 387 503 utiles
412 460 442 502 ¹.

338 580 376 623 5
404 592 438 623 v
815 583 1141 636 CONIMBRIAE,
1173 595 1323 626 pruno

339 692 429 737 Hic
451 694 570 738 serio
592 694 732 739 habui
759 695 1113 749 exhortationes,
1137 702 1183 740 et
1209 695 1480 739 examinaui:
1505 695 1662 739 audiui
1689 710 1884 753 genera-

250 770 318 828 les
338 771 672 816 confessiones:
698 773 883 816 fuerunt
903 779 1010 816 vota
1030 778 1264 816 renouata.
1284 771 1497 816 Instituta
1513 779 1583 818 est
1598 772 1761 817 domus
1776 787 1882 830 pro—

249 846 460 893 bationis.
487 850 658 906 Magna
692 849 901 894 alacritas
937 856 984 894 et
1020 849 1302 894 confirmatio
1339 848 1387 892 in
1418 849 1648 893 fratribus.
1688 850 1885 896 Habitae

245 924 509 970 collationes
536 940 630 969 non
654 926 982 970 infructuosae.
1025 926 1250 971 Ordinata
1285 928 1465 981 domus,
1510 928 1643 972 datae
1679 928 1882 984 regulae,

247 1001 433 1046 relictus
454 1002 600 1047 Miron
633 1010 683 1046 vt
705 1018 759 1049 ea
787 1010 1106 1060 exequeretur,
1126 1007 1254 1061 'quae
1281 1003 1498 1048 dixeram.
1532 1005 1633 1061 Ego
1654 1018 1759 1048 cum
1786 1005 1883 1050 Go-

247 1076 370 1122 dinio
393 1079 745 1136 Compostellam
774 1078 926 1140 [veni]‚
958 1081 1081 1136 quod
1103 1080 1279 1126 dixerat
1302 1082 1356 1124 P.
1382 1080 1604 1139 Ignatius,
1628 1088 1679 1125 vt
1699 1096 1884 1139 agerem

247 1152 336 1216 [de]
357 1155 570 1213 collegio,
596 1157 719 1213 quod
740 1157 831 1201 illic
852 1164 950 1201 erat
970 1158 1012 1202 6
1039 1157 1128 1201 iarn
1151 1157 1456 1211 aedificatum,
1482 1165 1528 1202 et
1550 1157 1763 1216 cupiebat
1784 1173 1885 1203 car-

248 1231 412 1277 dinalis
432 1234 814 1291 compostellanus
835 1234 932 1279 dari
954 1234 1188 1280 Societati.
1218 1234 1226 1294 Ι

521 1354 599 1398 An
621 1354 670 1399 S.
696 1355 893 1399 FEL1c1s
917 1369 978 1399 ET
1002 1355 1050 1400 S.
1077 1355 1276 1399 IOANNIS
1301 1367 1613 1400 MONASTERIA

337 1466 544 1512 Intellexi
566 1466 856 1520 dificultates,
881 1482 996 1524 quas
1017 1468 1154 1512 habet
1176 1467 1381 1513 Societas
1406 1467 1452 1511 in
1474 1467 1562 1512 illis
1582 1468 1883 1525 monasterijs,

247 1548 295 1586 et
316 1541 410 1586 vidi
431 1557 531 1588 esse
553 1543 859 1589 necessarium
884 1552 932 1587 vt
960 1544 1167 1590 Societas
1195 1545 1375 1590 leuetur
1403 1558 1513 1589 cura
1533 1544 1609 1589 illa
1634 1545 1885 1590 animarum

246 1620 321 1664 vel
363 1619 500 1664 dandi
541 1622 784 1677 parochos.
831 1621 938 1666 Vidi
980 1622 1087 1666 item
1131 1637 1231 1667 esse
1267 1621 1433 1666 dificile
1464 1621 1554 1666 illic
1606 1622 1762 1668 viuere
1799 1638 1885 1667 no—

252 1703 388 1752 stros,
414 1704 502 1752 etc.
522 1698 555 1742 ².

345 1818 378 1860 2
399 1830 435 1861 v
871 1820 1262 1863 COMPOSTELLAE

339 1930 492 1975 Primo
513 1931 587 1977 die
608 1932 725 1977 male
742 1932 898 1986 habui,
917 1939 966 1976 vt
982 1939 1190 1989 putarem
1206 1947 1301 1976 non
1318 1947 1390 1977 me
1406 1932 1650 1990 quicquam
1667 1933 1885 1990 postrjdie

250 2007 506 2068 [acturum];
525 2015 572 2052 et
589 2015 741 2053 tamen
751 2010 870 2055 bene
885 2009 1041 2053 habui.
1062 2009 1318 2068 Singularis
1339 2009 1592 2054 consolatio
1609 2009 1811 2067 spiritus,
1838 2018 1885 2055 et

247 2083 328 2128 lux
354 2085 576 2141 quaedam
613 2085 662 2129 in
684 2087 851 2143 templo
877 2088 926 2132 S.
968 2086 1134 2131 Iacobi.
1171 2087 1363 2144 Egimus
1389 2088 1447 2132 de
1474 2087 1685 2145 collegio;
1725 2102 1885 2132 verum

184 2214 189 2220 ,
246 2160 461 2219 exiguam
482 2177 609 2220 spem
630 2163 938 2220 concepimus.
965 2163 1200 2221 Redijmus
1216 2164 1526 2209 Coninbriam.

338 2281 376 2326 8
861 2283 1190 2339 CONIMBRIAE,
1215 2286 1278 2328 2.⁰

336 2395 403 2439 Ibi
439 2395 653 2441 inchoaui
679 2398 788 2442 dare
815 2397 1141 2443 instructiones
1154 2431 1164 2451 ,
1205 2412 1318 2454 quas
1346 2398 1440 2443 fere
1467 2411 1646 2454 semper
1675 2397 1780 2441 dedi
1807 2413 1883 2443 re-

246 2473 477 2528 spondens
496 2473 842 2528 dificultatibus,
867 2488 984 2531 quae
1006 2473 1117 2518 mihi
1132 2474 1518 2531 proponebantur,
1550 2467 1624 2519 vel
1654 2488 1768 2531 quas
1794 2488 1884 2531 ego

248 2562 306 2592 ex
328 2547 584 2594 visitatione
605 2550 892 2608 colligebam.
919 2550 1009 2595 Hic
1030 2550 1143 2594 nihil
1165 2558 1262 2596 erat
1283 2550 1450 2595 dificile
1478 2552 1531 2595 P.
1564 2550 1706 2595 Leoni
1713 2565 1724 2606 ;
1755 2558 1884 2596 erant

247 2623 430 2669 Mironi:
468 2633 627 2682 postea
662 2627 738 2673 ille
765 2629 780 2650 ³
809 2630 1103 2672 vehementer
1139 2627 1388 2682 dubitauit,
1419 2628 1494 2672 cui
1523 2627 1608 2671 fuit
1643 2641 1881 2672 necessum

246 2701 425 2746 absenti
446 2704 719 2760 respondere
741 2704 773 2747 ⁴.

316 2924 326 2944 ¹
377 2923 461 2958 Fol.
482 2930 502 2968 5
520 2935 551 2958 r.
572 2935 739 2960 vacuum
755 2923 935 2961 relictum
954 2931 1030 2962 est.

312 2984 327 3004 ²
378 2981 443 3018 Nil
462 2982 502 3017 in
519 2981 587 3018 fol.
606 2990 629 3027 7
649 2994 686 3019 v.
706 2984 894 3031 scriptum
910 2984 999 3021 fuit.

316 3043 331 3063 ³
380 3042 471 3087 Ms.,
490 3042 574 3077 illi.

314 3103 329 3123 ⁴
378 3101 423 3136 In
439 3099 508 3137 fol.
532 3100 554 3136 8
572 3113 610 3136 v.
630 3101 684 3137 nil
701 3101 890 3149 scriptum
906 3102 994 3140 fuit.
