2196 3522
337 242 361 276 4
901 227 946 262 P.
973 226 1160 261 NATALls
1183 224 1403 260 Emeum.

337 333 500 377 missus
520 331 638 375 inter
658 343 922 374 sarracenos
954 328 963 350 ¹
994 329 1184 371 Ioannes
1213 325 1411 379 Nauius,
1437 326 1495 370 ad
1515 325 1741 387 iuuandos
1763 326 1970 384 captiuos

338 409 622 461 christianos,
657 420 875 463 magnum
903 406 1041 449 habet
1072 405 1288 447 fructum.
1330 402 1456 447 Missi
1494 403 1636 446 nostri
1671 404 1886 462 Congum
1923 402 1970 446 in

339 485 555 530 Africam.
582 483 709 528 Missi
731 482 982 527 Brasiliam.

1077 606 1219 652 [15J49

427 716 593 761 Missus
615 723 685 761 est
707 717 769 759 M.
795 715 1013 759 Nicolaus
1035 713 1238 759 Lanoius
1262 715 1537 758 Panormum
1565 728 1670 758 cum
1694 713 1865 770 aliquot
1886 728 1971 758 no-

341 793 444 837 stris
465 794 523 837 ad
544 792 788 850 collegium
816 789 1148 850 fun[dandum].
1179 790 1186 849 Ι
1213 792 1508 848 Aperuerunt
1528 791 1710 835 scholas
1729 790 1973 835 humanio-

342 885 443 915 rum
467 870 719 915 litterarum
748 883 800 913 ac
828 868 1160 926 grammatices.
1194 870 1431 913 Messanae
1466 875 1744 912 transactum
1773 874 1843 913 est
1869 881 1974 912 cum

343 948 529 991 ciuitate
544 954 594 991 vt
614 954 771 991 nostro
793 946 987 1003 collegio
1007 945 1367 1003 coniungeretur
1383 945 1655 990 vniuersitas
1671 944 1806 1002 studij
1830 959 1974 1003 gene—

344 1024 449 1068 ralis
470 1024 715 1081 apostolica
730 1023 1014 1078 auctoritate,
1034 1024 1156 1079 quod
1172 1022 1398 1067 concessit
1416 1023 1587 1067 Paulus
1611 1034 1721 1078 3‚us‚
1740 1021 1876 1066 bullis
1891 1022 1973 1066 da-

346 1101 419 1145 tis.
446 1101 596 1145 Prima
617 1103 778 1145 domus
798 1100 1079 1158 probationis
1102 1102 1354 1145 Messanae.
1382 1099 1508 1145 Missi
1535 1099 1680 1144 nostri
1706 1099 1752 1142 in
1780 1098 1974 1143 insulam

348 1178 609 1222 Ormuziam
627 1178 673 1221 in
694 1178 796 1222 sinu
816 1178 998 1222 Persico
1015 1178 1160 1221 sitam.
1185 1180 1237 1221 P.
1263 1177 1494 1222 Antonius
1515 1176 1772 1221 Criminalis
1789 1190 1870 1233 pro
1884 1175 1976 1220 fide

348 1255 616 1299 interficitur
637 1256 694 1299 ab
720 1255 977 1300 infidelibus
1004 1255 1051 1298 in
1072 1255 1213 1299 India.
1255 1254 1482 1300 Omnibus
1505 1254 1579 1299 his
1605 1261 1652 1298 et
1679 1252 1977 1311 sequentibus

348 1332 479 1376 annis
506 1332 553 1375 in
583 1332 708 1376 India
742 1347 935 1390 magnus
962 1334 1013 1375 fit
1051 1333 1240 1376 fructus.
1282 1331 1427 1389 Signa
1461 1331 1597 1376 etiam
1625 1345 1706 1389 per
1741 1329 1975 1383 sanitates,

349 1408 596 1453 destructio
612 1408 849 1453 idolorum.
871 1409 1172 1466 Accipiuntur
1187 1409 1246 1453 ad
1262 1408 1534 1455 Societatem
1552 1408 1698 1464 multi,
1719 1414 1765 1453 et
1781 1407 1979 1451 fundan-

352 1492 425 1529 tur
440 1485 647 1543 collegia,
667 1492 713 1531 et
729 1501 785 1530 ex
801 1486 993 1543 collegio
1011 1486 1357 1531 conimbricensi
1369 1485 1562 1543 singulis
1575 1485 1707 1530 annis
1718 1484 1976 1529 mittun-tur.

352 1562 425 1605 2⁷
449 1565 502 1606 Ρ.
527 1564 707 1619 Laynez
729 1563 893 1607 missus
913 1571 983 1607 est
1004 1564 1051 1607 in
1072 1563 1271 1609 Siciliam
1293 1578 1320 1607 a
1340 1562 1558 1607 cardinali
1577 1564 1614 1607 F
1615 1562 1808 1607 arnesio.
1835 1556 1982 1607 Simul

354 1637 439 1681 fuit
459 1639 630 1696 primus
650 1640 938 1696 prouincialis
958 1641 1241 1698 praepositus
1257 1641 1304 1684 in
1321 1640 1490 1686 Sicilia.
1511 1639 1768 1697 Collegium
1785 1637 1982 1696 tyburti-

354 1730 463 1759 num
485 1716 761 1760 inchoatum.
788 1718 952 1762 Missus
974 1726 1044 1763 est
1071 1720 1263 1763 Romam
1292 1734 1318 1764 e
1345 1717 1499 1764 Sicilia
1531 1719 1583 1761 P.
1617 1716 1840 1761 Canisius.
1872 1715 1982 1760 Inde

356 1793 608 1837 Bononiam
624 1794 681 1838 ad
697 1794 952 1839 concilium.
975 1798 1139 1840 Postea
1155 1796 1202 1839 in
1218 1795 1526 1841 Germaniam.
1554 1793 1787 1838 Bononiae
1803 1791 1981 1838 habita-

355 1876 458 1913 rant
473 1870 654 1926 quidem
669 1872 827 1925 nostri,
847 1873 927 1918 sed
942 1875 1028 1916 hoc
1044 1888 1162 1917 anno
1178 1874 1340 1917 domus
1356 1879 1426 1918 est
1446 1873 1614 1916 donata
1630 1870 1865 1926 Societatj.
1887 1870 1975 1914 Lu-

358 1946 494 1992 tetiae
514 1947 622 1992 item
643 1948 785 1992 nostri
800 1948 888 1993 iam
904 1949 1009 1994 inde
1025 1957 1131 1996 ante
1147 1949 1535 1994 confirmationem
1550 1947 1807 1993 habitarant
1822 1945 1981 1990 nostri.

359 2024 461 2068 Hoc
481 2025 555 2069 vel
575 2025 795 2082 superiori
823 2041 943 2070 anno
965 2027 1226 2071 inchoatum
1254 2034 1324 2071 est
1351 2026 1595 2084 collegium
1616 2040 1697 2082 per
1721 2024 1986 2081 episcopum

359 2100 760 2159 claromontanum,
786 2103 890 2146 data
911 2104 1088 2158 domus,
1108 2111 1193 2149 etc.
1217 2106 1483 2148 Inchoatum
1505 2101 1748 2159 collegium
1770 2107 1986 2146 venetum

359 2191 440 2233 per
460 2177 727 2235 magistrum
748 2180 784 2222 F
787 2179 973 2223 rusium.

1102 2307 1245 2354 [15]5o

451 2410 775 2455 Conuocantur
795 2427 821 2455 a
843 2414 977 2457 Patre
999 2414 1175 2470 Ignatio
1195 2413 1403 2471 professi,
1429 2412 1506 2469 qui
1527 2411 1762 2456 commode
1778 2418 1989 2468 poterant

362 2485 533 2539 venire,
564 2486 571 2544 Ι
598 2486 735 2544 aliqui
749 2496 981 2544 praeterea
999 2493 1172 2544 Patres,
1189 2490 1318 2546 quasi
1332 2490 1380 2534 in
1393 2490 1650 2548 generalem
1664 2487 1989 2546 congregatio-

364 2577 485 2617 nem,
509 2570 559 2606 vt
579 2565 837 2609 ostenderet
858 2566 1219 2621 constitutiones,
1244 2582 1297 2612 ac
1318 2573 1533 2611 notarent
1553 2565 1592 2609 si
1614 2565 1723 2621 quid
1739 2564 1986 2625 videretur.

367 2640 469 2683 Hoc
497 2640 711 2684 fecerunt.
743 2641 893 2686 Cessit
929 2644 981 2686 P.
1019 2644 1222 2700 Ignatius
1257 2643 1406 2688 officio
1443 2658 1542 2696 suo,
1582 2641 1699 2687 datis
1740 2641 1882 2686 literis
1904 2655 1994 2685 sua

367 2730 503 2760 manu
518 2717 697 2774 scriptis
712 2719 771 2761 ad
788 2720 945 2762 Patres
963 2729 1237 2776 praesentes.
1259 2723 1618 2766 Intercesserunt
1629 2717 1994 2763 constantissime

367 2806 539 2848 omnes,
570 2801 748 2850 praeter
772 2797 951 2839 Patrem
980 2798 1210 2842 Andream
1241 2797 1565 2851 Ouediensem,
1591 2795 1669 2853 qui
1690 2809 1858 2853 magna
1883 2793 1995 2838 sim-

369 2868 567 2925 plicitate
587 2871 724 2915 animi
744 2871 858 2915 dixit
879 2872 964 2915 sibi
991 2873 1133 2933 videri
1160 2882 1316 2931 aptum
1337 2889 1428 2918 non
1450 2888 1550 2919 esse
1572 2873 1628 2916 ad
1656 2885 1823 2916 munus
1850 2885 1996 2928 gene—

440 3036 454 3058 ¹
503 3037 591 3083 Ms.‚
610 3039 755 3074 missus
771 3040 879 3075 inter
895 3051 1130 3077 sarracenos
1147 3043 1304 3078 missus.
