2196 3522
296 265 339 291 V1
751 253 1004 288 PRooEMmM
1030 257 1214 286 SECUNm
1239 255 1470 285 vommmrs

295 357 466 400 Rornae
488 362 593 399 ante
610 354 799 411 primam
816 353 1075 410 generalem
1093 350 1501 407 congregationem
1518 348 1703 402 exortis,
1724 350 1782 395 de
1800 349 1933 395 tertia

294 432 468 477 Natalis
490 433 546 475 ad
564 430 808 487 Hispanias
824 429 1038 473 missione
1055 429 1140 472 sub
1159 429 1213 470 P.
1236 427 1420 479 Lainez,
1440 426 1497 469 de
1513 426 1727 483 procellis
1743 426 1790 470 in
1807 426 1934 472 curia

293 509 415 565 regis
438 507 633 564 Philippi
655 514 814 551 contra
838 506 1052 562 Borgiam
1075 512 1121 550 et
1142 504 1349 549 Natalem
1367 502 1592 558 excitatis,
1612 503 1762 559 deque
1777 503 1932 548 multis

293 585 406 638 aliis,
432 592 483 628 ut
506 584 697 640 quisque
719 598 799 640 per
825 582 1120 640 semetipsum
1148 580 1397 638 comperire
1427 579 1558 624 facile
1586 579 1766 636 poterit,
1797 580 1836 624 si
1858 596 1927 634 ea,

294 676 409 718 quae
430 661 629 705 limatius
650 668 696 705 et
718 660 875 705 ordine
897 660 1125 704 interdum
1149 666 1324 702 mutato
1347 657 1505 701 scribit
1533 656 1802 711 Sacchinus,
1827 672 1932 702 cum

292 739 399 796 ipsis
422 739 800 795 Eplzemerz'dc'bus
822 737 1142 794 composuerit.
1170 737 1307 792 Quod
1330 742 1381 778 ut
1410 734 1692 778 commodius
1714 735 1932 791 praestari

292 817 456 869 valeat,
482 817 581 859 loca
610 815 840 860 Historiae
867 814 1124 867 Societatis,
1157 828 1273 869 quae
1300 827 1357 857 ex
1384 814 1548 855 horum
1576 811 1931 856 commentario—

293 908 393 936 rum
417 894 542 938 fonte
563 894 829 950 deprompta
850 892 1080 945 videntur,
1106 891 1152 934 in
1181 889 1554 934 annotationibus
1576 888 1743 934 nostris
1765 903 1932 947 oppor-

296 978 404 1014 tune
427 970 744 1024 indicabimus;
767 971 887 1013 unde
910 969 1044 1012 etiam
1067 968 1243 1012 facilius
1272 967 1557 1025 apparebunt
1583 981 1653 1020 ea,
1680 981 1796 1023 quae
1818 967 1932 1012 Sac-

294 1047 457 1091 chinus
482 1047 646 1091 futuris
666 1047 962 1104 scriptoribus
984 1047 1194 1090 metenda
1215 1045 1410 1101 reliquit.

385 1127 527 1169 Porro
555 1124 652 1181 ipse
681 1124 934 1170 Sacchinus
967 1126 1024 1168 de
1058 1123 1183 1168 hisce
1218 1123 1620 1180 Eplzemeridibus,
1650 1128 1830 1180 praeter
1858 1137 1927 1174 ea,

295 1216 410 1258 quae
433 1201 705 1259 generaliter
726 1202 783 1246 de
800 1201 1009 1245 omnibus
1027 1201 1200 1246 Natalis
1216 1199 1553 1246 commentariis
1571 1199 1765 1256 scripsit,
1785 1205 1831 1243 et
1847 1213 1932 1243 nos

295 1279 592 1336 allegavimus
614 1270 661 1322 in
690 1287 811 1323 tomo
841 1281 874 1332 I,
905 1294 1011 1336 pag.
1045 1293 1131 1331 ΧΠ,
1157 1281 1275 1322 hanc
1306 1278 1438 1322 nobis
1465 1278 1647 1322 laudem
1667 1276 1715 1320 in
1737 1292 1821 1321 sua
1841 1276 1928 1321 Hi-

294 1355 432 1400 storia
448 1356 711 1400 transmisit:
730 1356 938 1412 «quibus,
952 1357 1114 1412 inquit,
1130 1357 1252 1399 haud
1264 1356 1396 1401 facile
1411 1355 1658 1412 quidquam
1672 1354 1808 1398 scribi
1818 1368 1929 1398 can·

295 1432 443 1477 didius
466 1440 616 1490 potest
641 1435 699 1476 ¹.»
727 1435 784 1477 Et
806 1449 853 1477 re
876 1434 1057 1490 quidem
1081 1448 1188 1477 vera
1211 1433 1488 1490 quicumque
1515 1435 1628 1477 haec
1644 1438 1929 1476 commenta—

295 1509 360 1553 ria
381 1510 603 1566 perlegat,
623 1512 741 1554 hanc
758 1510 909 1554 Natali
926 1511 1104 1555 laudem
1122 1512 1377 1556 detrectare
1399 1509 1583 1554 minime
1604 1509 1786 1567 poterit,
1805 1509 1929 1565 quod

293 1600 457 1643 nempe
479 1594 583 1631 ante
605 1587 756 1631 omnia
777 1587 1012 1632 veritatem
1035 1595 1341 1641 consectetur,
1363 1602 1556 1644 eamque
1571 1588 1757 1641 nudam,
1778 1587 1928 1630 nullo-

295 1677 385 1719 que
406 1664 649 1707 verborum
673 1665 776 1708 fuco
799 1664 987 1719 linitam,
1020 1665 1272 1722 exprimere
1293 1664 1537 1718 curaverit,
1563 1679 1658 1708 non
1681 1671 1859 1708 tanturn
1881 1663 1929 1707 in

295 1741 432 1785 rebus
453 1741 679 1798 prosperis
700 1748 912 1798 recteque
933 1742 1091 1799 gestis,
1117 1758 1275 1787 verum
1297 1742 1433 1787 etiarn
1455 1742 1502 1785 in
1524 1741 1741 1795 adversis,
1767 1740 1930 1785 etiam-

296 1831 385 1872 que
406 1817 452 1860 in
473 1817 664 1874 propriis
687 1818 759 1862 vel
780 1818 938 1861 alienis
959 1819 1228 1872 defectibus,
1256 1819 1333 1863 ubi
1354 1819 1522 1864 veritas
1542 1818 1756 1863 historiae
1777 1817 1824 1861 id
1845 1832 1928 1875 po-

295 1894 451 1948 stulat,
475 1909 652 1938 summa
674 1894 958 1952 ingenuitate
980 1903 1025 1940 et
1047 1897 1276 1952 aequitate
1298 1896 1578 1940 enarrandis.

385 1971 534 2027 Majus
556 1971 740 2028 insuper
762 1980 1044 2016 momentum
1067 1973 1190 2018 hisce
1213 1973 1548 2022 commentariis
1578 1972 1770 2028 accedit,
1795 1987 1853 2018 ex
1873 1986 1928 2016 eo

298 2047 419 2102 quod
440 2047 640 2104 ipsorum
661 2049 868 2105 scriptor,
894 2056 1018 2092 actor
1041 2058 1091 2093 ut
1122 2051 1366 2107 plurimum
1394 2051 1495 2104 fuit,
1521 2051 1594 2095 vel
1623 2049 1751 2095 testis
1773 2049 1928 2093 ocula-

299 2131 372 2167 tus
395 2139 561 2177 rerum,
587 2140 703 2181 quae
725 2134 1007 2180 enarrantur3
1034 2128 1111 2183 qui
1134 2135 1257 2174 certe
1278 2143 1350 2173 res
1373 2135 1419 2173 et
1435 2143 1667 2185 personas,
1689 2128 1747 2173 de
1761 2126 1929 2183 quibus

254 2239 261 2246 .
296 2200 468 2255 scribit,
494 2201 690 2258 penitius
717 2204 906 2247 caeteris
928 2207 1251 2261 cognoscebat,
1284 2205 1469 2263 quique,-
1494 2205 1533 2249 si
1555 2219 1647 2249 non
1662 2219 1856 2262 semper,
1882 2210 1929 2247 at

298 2278 458 2322 saltem
482 2279 740 2334 frequenter
762 2295 844 2323 sua
866 2282 1186 2325 commentaria
1207 2282 1255 2326 in
1277 2282 1375 2339 ipso
1397 2283 1497 2326 loco
1525 2288 1572 2331 et
1593 2289 1810 2338 tempore,
1837 2295 1928 2338 quo

300 2369 373 2399 res
394 2356 688 2411 gerebantur,
708 2357 1031 2412 perscribebat.
1058 2360 1349 2416 Quapropter
1370 2374 1611 2405 necessum
1633 2365 1730 2404 erat
1752 2361 1833 2410 has
1855 2359 1928 2402 lu-

297 2431 585 2476 cubrationes
596 2433 835 2476 subcisivis
850 2435 1126 2491 temporibus
1139 2437 1304 2493 raptim
1318 2444 1364 2482 et
1378 2437 1666 2482 inemendate
1679 2435 1927 2480 conficien—

296 2509 377 2552 das
401 2508 555 2561 fuisse,
579 2516 632 2567 ut
654 2510 797 2554 cuivis
819 2510 917 2554 illas
939 2514 1243 2568 pervolutanti
1269 2514 1413 2571 prima
1442 2514 1589 2557 fronte
1616 2513 1803 2571 patebit.
1830 2515 1928 2558 Nec

296 2592 447 2629 tamen
468 2585 571 2629 ideo
595 2586 779 2630 minoris
801 2588 933 2643 pretii
954 2604 1035 2645 pro
1058 2590 1243 2635 historia
1263 2591 1366 2636 illae
1382 2591 1684 2648 prudentibus
1699 2591 1927 2636 videbun-

296 2669 385 2716 tur;
411 2662 500 2706 imo
529 2678 637 2707 vero
666 2670 791 2708 tanto
820 2665 983 2709 clarius
1011 2674 1056 2710 et
1084 2668 1320 2712 candidius
1352 2668 1520 2714 veritas
1548 2683 1700 2731 rerum
1727 2668 1775 2712 in
1802 2668 1928 2714 hisce

295 2738 473 2795 paginis
496 2739 674 2793 emicat,
704 2748 874 2796 quanto
901 2743 1050 2787 minus
1078 2745 1211 2790 limae
1238 2761 1375 2802 opera
1403 2752 1449 2789 et
1476 2745 1734 2802 scriptionis
1761 2760 1927 2803 perpo-

293 2813 470 2860 liendae
492 2816 693 2860 studium
714 2818 1006 2874 conspicitur.
1034 2822 1089 2864 Et
1111 2824 1223 2866 haec
1250 2823 1433 2879 quidem
1460 2823 1517 2867 de
1545 2823 1928 2879 Eplzemeridibus

295 2891 567 2947 praelibasse
590 2893 799 2937 sufficiat.

369 3060 379 3080 ¹
430 3058 537 3094 Hist.
559 3060 660 3102 Soc„
681 3066 784 3107 part.
808 3063 859 3108 ΙΙ,
880 3062 947 3099 lib.
968 3073 995 3111 1,
1015 3077 1057 3100 n.
1082 3065 1140 3100 26.

2109 3498 2118 3507 .

2149 3519 2151 3522 .
2148 3487 2150 3489 ,
2138 3286 2150 3288 Ι
2128 3270 2130 3273 ⁴

2169 3462 2196 3522 ὲνμ
2166 3262 2196 3453 mammam
2174 3178 2196 3246 ‘'m-ff
2188 3162 2196 3166 .
