2196 3522
885 323 931 362 29
955 314 1068 363 Jtmn
1098 313 1188 362 1563
1786 315 1857 364 319

215 414 515 472 prouinciam,
534 421 581 461 et
595 423 773 471 questo,
783 415 1058 462 intendendo
1070 425 1240 474 quanto
1258 419 1344 464 alla
1359 434 1567 476 persona,
1582 434 1676 464 non
1686 426 1857 476 quanto

224 493 267 536 al
288 506 508 549 gouerno,
531 494 698 550 perche
720 495 890 539 restara
912 495 1062 551 quello
1091 502 1212 540 sotto
1239 496 1271 540 li
1298 496 1399 541 suoi
1426 496 1647 555 superiori
1674 497 1856 542 ordina-

225 568 279 613 rii
305 570 334 613 ¹.

314 647 356 691 8.
420 646 554 691 Circa
572 646 603 690 li
624 647 805 706 bisogni
825 648 930 692 delli
951 649 1131 707 collegii
1152 650 1199 693 di
1221 652 1373 708 Praga
1394 657 1440 695 et
1467 651 1662 705 Vienna,
1688 651 1857 697 uedera

225 724 282 768 V.
315 725 390 778 R.,
421 731 593 768 uenuto
619 724 940 783 l'imperatore,
969 741 1018 770 se
1054 725 1092 770 si
1125 729 1255 784 potra
1282 728 1543 773 remediare.
1579 729 1667 773 Del
1703 729 1857 773 dottor

218 802 332 859 Jaen
366 802 380 822 ²
414 803 610 847 hauemo
640 802 800 848 lettere
831 804 917 847 che
946 802 997 847 si>
1017 810 1180 847 truoua
1211 803 1394 861 meglio.
1421 806 1478 849 V.
1513 806 1568 849 R.
1599 806 1768 850 uedera
1804 821 1854 852 se

222 880 343 923 stara
363 879 454 924 ben
470 879 516 933 li,
541 879 631 923 oin
649 879 848 938 Dilinga,
868 895 896 924 o
912 881 1025 925 altra
1040 887 1168 938 parte
1184 882 1242 925 de
1257 882 1520 941 Germania,
1539 897 1619 940 per
1636 898 1729 927 non
1746 898 1855 940 spo-

222 955 338 1013 gliar
359 957 402 1000 la
421 956 667 1002 Germania
687 957 745 1003 de
768 972 829 1001 un
851 958 1083 1016 theologo.
1109 959 1154 1003 A
1170 959 1308 1016 quelli
1325 959 1371 1003 di
1388 959 1579 1004 Colonia
1594 974 1644 1005 se
1664 960 1854 1005 scriuira

222 1032 267 1076 di
290 1048 445 1078 nuouo
465 1035 571 1090 quel
592 1034 768 1079 ricordo
789 1036 874 1080 che
896 1036 952 1080 V.
978 1036 1033 1080 R.
1058 1035 1090 1079 li
1110 1035 1264 1081 lascio.
1291 1037 1356 1081 Le
1376 1037 1581 1082 comedie
1602 1037 1648 1082 di
1678 1039 1853 1083 Teren-

223 1109 286 1154 tio
307 1110 344 1154 si
366 1111 392 1155 e
413 1111 568 1155 scritto
589 1126 616 1155 a
637 1113 780 1156 Roma
801 1111 847 1155 di
868 1126 1022 1156 nuouo
1043 1112 1085 1157 le
1107 1113 1335 1158 mandino.
1369 1116 1463 1158 Pur
1490 1115 1547 1159 V.
1583 1116 1638 1159 R.
1669 1114 1855 1159 intenda

223 1189 309 1237 che
340 1188 417 1246 gia
442 1188 480 1232 si
507 1189 672 1233 mando
699 1188 731 1232 il
763 1188 976 1234 Terentio
1005 1189 1079 1235 del
1108 1191 1161 1234 P.
1196 1190 1381 1235 Frussio
1409 1192 1667 1247 emendato,
1691 1191 1722 1235 il
1749 1193 1855 1248 qual

223 1265 345 1310 tiene
365 1264 412 1308 in
432 1265 673 1310 Monachio
693 1265 725 1310 il
747 1274 901 1312 rettor:
926 1282 1017 1311 non
1049 1266 1108 1311 mi
1143 1267 1322 1312 ricordo
1356 1268 1401 1312 d'
1426 1269 1540 1314 altre
1566 1276 1688 1314 sorte
1708 1268 1754 1313 di
1775 1283 1854 1314 co-

223 1341 386 1396 medie,
410 1357 485 1386 ma
505 1345 541 1387 s'
565 1343 591 1387 e
611 1327 785 1398 scritto,
809 1358 938 1389 come
959 1343 1079 1398 dico,
1111 1345 1212 1399 che,
1241 1359 1290 1389 se
1317 1344 1348 1389 li
1377 1347 1543 1399 hanno,
1568 1346 1611 1391 le
1640 1345 1855 1390 mandino

222 1419 268 1463 di
290 1421 448 1464 Roma.
475 1421 649 1465 Perche
669 1419 700 1464 li
721 1421 939 1466 essercitii
960 1421 999 1466 si
1014 1422 1298 1467 domandano
1314 1422 1361 1466 in
1378 1422 1558 1469 diuerse
1573 1424 1738 1478 bande,
1759 1430 1853 1468 tut-

224 1497 346 1542 tauia
365 1499 524 1554 patera
543 1498 661 1544 bene
682 1513 709 1542 a
729 1499 786 1543 N.
814 1500 867 1543 P.
892 1498 931 1542 si
952 1499 1189 1556 stampassi
1211 1514 1274 1544 un
1290 1514 1479 1544 numero
1496 1499 1542 1544 di
1565 1500 1702 1557 quelli
1717 1515 1855 1545 sanza

222 1574 504 1632 aggiongere
525 1575 780 1621 altrimente
802 1575 1082 1620 annotationi
1104 1592 1130 1621 a
1152 1577 1300 1633 quelle
1321 1577 1395 1621 del
1419 1580 1471 1622 P.
1496 1578 1556 1622 N.
1587 1577 1784 1635 Ignatio,
1809 1585 1856 1624 et

221 1651 459 1709 potendosi
479 1659 678 1710 stampar
704 1652 751 1696 in
773 1652 966 1707 Vienna,
992 1653 1098 1697 bene
1119 1654 1315 1711 quidem;
1336 1668 1386 1698 se
1407 1669 1514 1708 non,
1539 1653 1577 1699 si
1599 1655 1694 1699 fara
1715 1655 1854 1700 altro-—

222 1743 294 1773 ue.
319 1730 368 1772 In
391 1737 551 1786 questo
573 1744 728 1774 mezzo
749 1731 807 1774 V.
833 1732 886 1775 R.
912 1733 1044 1788 potra
1065 1732 1159 1776 fare
1179 1732 1222 1776 le
1242 1731 1523 1776 annotationi
1549 1734 1635 1778 che
1661 1731 1692 1776 li
1721 1747 1854 1790 pare-

222 1820 379 1861 ranno,
404 1813 450 1851 et
471 1807 544 1850 all’
568 1808 680 1851 hora
699 1822 750 1852 se
785 1806 1142 1865 ristamparanno
1168 1807 1214 1851 di
1241 1822 1411 1852 nuouo.
1443 1808 1678 1867 L’inglese
1707 1810 1722 1831 ³
1746 1825 1854 1867 pare

222 1897 271 1927 se
292 1883 455 1937 risana,
481 1890 527 1928 et
549 1884 667 1946 forsa
687 1884 725 1928 si
747 1886 876 1942 potra
897 1886 1086 1942 probare
1108 1885 1154 1928 in
1177 1886 1363 1943 Ispruch
1384 1900 1412 1930 o
1432 1886 1547 1930 altra
1567 1887 1716 1931 banda
1736 1887 1854 1932 della

221 1960 482 2005 Germania.
503 1962 537 2004 Il
558 1962 712 2006 dottor
732 1963 898 2007 Torres
919 1976 1009 2006 non
1031 1962 1265 2007 dubitamo
1286 1964 1372 2009 che
1392 1965 1493 2008 sara
1510 1965 1637 2009 buon
1652 1964 1788 2009 lettor
1804 1964 1851 2008 di

221 2038 450 2097 theologia
486 2038 768 2083 scholastica.
800 2040 887 2085 Del
914 2040 1064 2084 dottor
1092 2041 1285 2086 Hermes
1311 2039 1351 2085 si
1378 2042 1546 2090 uedera
1575 2042 1758 2098 quando
1786 2042 1851 2100 gl'

219 2115 320 2159 altri
342 2130 554 2174 uengano
575 2115 614 2159 si
634 2118 735 2161 sara
756 2131 922 2161 ancora
941 2116 1005 2160 lui
1026 2116 1282 2162 necessario
1303 2132 1384 2175 per
1400 2119 1673 2176 Alemagna‚
1693 2134 1722 2163 o
1739 2133 1847 2163 non.

304 2208 348 2251 9.
412 2194 460 2239 S’
485 2194 510 2238 e
533 2193 690 2237 scritto
712 2209 738 2237 a
759 2195 903 2238 Roma
923 2196 1008 2239 che
1030 2195 1147 2238 uada
1168 2194 1350 2239 innanzi
1371 2195 1403 2239 il
1425 2198 1478 2240 P.
1505 2196 1669 2241 Fuluio
1691 2203 1737 2241 et
1759 2211 1851 2241 non

218 2266 433 2328 Vanegas
469 2271 587 2315 nella
616 2270 908 2316 translatione
940 2272 1075 2317 della‘
1095 2272 1256 2317 lettere
1292 2273 1397 2317 dell'
1437 2272 1564 2317 India
1600 2273 1632 2317 ⁴.
1674 2274 1849 2318 Perche

219 2349 277 2392 V.
323 2349 377 2391 R.
410 2347 533 2393 dice:
569 2347 773 2392 «utinam
800 2347 888 2392 ista
915 2348 1063 2406 gratia
1092 2364 1182 2405 qua
1210 2349 1415 2395 ualemus
1443 2350 1563 2408 apud
1590 2349 1634 2394 io
1663 2352 1679 2374 ⁸
1707 2350 1849 2407 pariat

221 2425 402 2469 tandem
424 2424 603 2482 collegii
627 2424 799 2469 romani
819 2432 1100 2483 perpetuam,
1126 2426 1300 2470 firmam
1323 2434 1460 2483 atque
1482 2428 1743 2484 opulentam
1767 2428 1796 2469 d
1813 2443 1850 2468 )-

223 2501 483 2556 tationem»,
507 2501 539 2544 li
561 2493 703 2546 faccio
723 2501 958 2547 intendere
979 2505 1080 2556 che,
1100 2504 1312 2548 hauendo
1335 2503 1411 2561 gia
1432 2511 1671 2561 procurate
1691 2505 1850 2549 lettere

222 2578 340 2623 della
360 2580 531 2622 maesta
551 2593 757 2623 cessarea
778 2594 857 2636 per
877 2579 908 2622 il
930 2595 1045 2637 papa
1067 2586 1112 2623 et
1134 2580 1260 2624 molti
1281 2580 1497 2624 cardinali
1519 2596 1649 2638 sopra
1672 2580 1851 2637 l’appli-

221 2657 312 2699 car’
336 2655 380 2698 la
399 2654 613 2699 abbazzia
632 2655 678 2699 di
699 2657 862 2700 Grotta
884 2657 1050 2701 ferrata
1070 2657 1112 2700 al
1141 2656 1338 2714 collegio
1366 2665 1520 2701 nostro
1549 2658 1594 2701 di
1624 2659 1766 2701 Roma
1789 2658 1850 2715 (et

294 2776 304 2796 ¹
355 2773 455 2809 Vide
473 2773 591 2820 epist.
616 2773 698 2819 2873
719 2779 759 2810 et
776 2774 959 2822 append.‚
980 2776 1087 2811 VIII.

289 2836 303 2856 ²
354 2831 620 2868 Ferdinandus
639 2833 751 2880 Jaen,
769 2833 818 2870 de
835 2846 912 2881 quo
929 2834 1019 2870 vide
1038 2846 1169 2882 supra,
1188 2846 1276 2882 pag.
1297 2832 1380 2881 239,
1400 2839 1533 2871 annot.
1563 2844 1595 2871 1.

289 2893 303 2913 ³
353 2892 524 2938 Joannes
542 2890 690 2938 Coxus‚
704 2891 753 2927 de
777 2904 853 2940 quo
872 2892 1020 2929 dictum
1038 2899 1099 2930 est
1116 2905 1232 2941 supra
1251 2893 1366 2941 epist.
1387 2894 1455 2939 284
1475 2900 1550 2930 etc.
1571 2893 1665 2940 Ejus
1684 2905 1848 2931 examen

218 2957 280 2988 est
297 2951 336 2988 in
354 2950 537 2998 append.‚
563 2950 594 2986 I.

289 3009 305 3030 ⁸
353 3010 454 3046 Vide
472 3020 560 3057 pag.
582 3008 665 3055 276,
680 3014 811 3045 annot.
835 3018 867 3046 1.

291 3071 306 3092 ⁵
356 3069 434 3105 Sic:
453 3068 547 3117 quid
564 3073 695 3104 autem
713 3068 1118 3121 significareyoluerit
1136 3071 1286 3108 Natalis
1303 3072 1375 3108 hac
1394 3077 1499 3119 nota,
1518 3071 1764 3120 interpretari
1783 3085 1848 3110 ne-

222 3141 432 3178 quivimus.
