2196 3522
302 258 374 299 612
922 256 1065 292 EPIST.
1097 254 1140 292 P.
1168 254 1320 293 NADAL

305 362 381 407 dio
397 363 552 406 hostes
570 364 795 405 tenerent.
816 357 977 404 Visum
995 364 1063 403 est
1081 357 1364 403 summittere
1381 358 1437 402 ad
1456 357 1779 405 Paternitatem
1797 358 1942 404 Tuam

304 421 574 479 magistrum
612 421 896 476 Stephanum
934 417 1220 463 Mirabellum
1236 453 1246 473 ,
1286 417 1364 474 qui
1400 419 1687 465 renunciaret
1722 434 1801 463 eos
1835 419 1942 463 hinc

305 481 463 533 abiise,
488 496 547 525 ne
568 479 614 523 id
638 478 894 524 Paternitas
916 485 995 521 tua
1010 477 1182 522 diutius
1204 477 1450 535 ignoraret,
1475 478 1513 523 si
1535 479 1643 535 quid
1664 478 1730 523 eis
1758 479 1873 524 forte
1893 478 1941 522 in

306 541 380 585 via
401 539 685 597 contigisset,
710 539 832 595 quod
860 537 1045 582 minime
1075 537 1398 583 noluissemus.
1430 540 1488 582 Et
1515 538 1600 596 ipsi
1621 538 1804 595 quidem
1833 553 1940 595 pro-

307 616 439 658 spere
466 600 550 644 iter
586 599 846 656 incoeptum
875 599 1185 643 confecerunt.
1220 598 1284 642 At
1319 598 1581 655 Stephanus
1617 600 1673 642 ab
1701 597 1941 643 haereticis

306 661 602 728 interceptus,
628 658 676 702 in
696 659 854 703 vrbem
877 657 1188 715 Burgundiae,
1215 672 1350 714 quam
1371 665 1663 716 occuparant,
1689 659 1746 702 ab
1773 657 1839 702 eis
1860 658 1939 701 de-

309 722 476 765 ductus
498 725 582 772 est,
608 726 654 762 et
675 718 723 761 in
746 732 973 763 carcerem
995 718 1217 770 reclusus,
1247 717 1402 762 vincto
1424 719 1481 761 ad
1510 719 1649 775 pedes
1677 717 1809 775 graui
1838 716 1944 762 terri

311 780 527 839 pondere,
547 785 593 823 et
614 784 743 824 erant
765 778 948 835 quidem
971 776 1093 821 illhic
1115 791 1171 821 ex
1189 777 1559 831 turnonensibus,
1584 777 1662 834 qui
1683 778 1823 835 probe
1839 791 1945 821 eum

311 845 534 884 noueraut
557 853 582 882 e
605 853 748 896 grege
777 852 876 883 esse
898 837 1184 894 jesuitarum.
1216 838 1308 883 Sed
1335 837 1447 881 nihil
1475 844 1625 882 tamen
1647 836 1877 882 crudelius
1898 836 1946 880 in

312 914 418 946 eum
439 898 729 944 definierunt.
755 899 849 941 Imo
872 912 998 950 uero,
1024 897 1102 940 ubi
1129 897 1226 942 dies
1254 896 1425 953 aliquot
1447 898 1589 942 ferme
1610 898 1668 941 ad
1690 896 1948 954 quindecim

311 960 376 1004 ita
398 958 602 1002 vinctum
625 959 923 1013 clausumque
954 957 1236 1010 habuissent,
1268 958 1442 1002 alentes
1469 956 1648 1003 interim
1677 964 1723 1001 et
1749 956 1949 1014 benigne

314 1034 420 1064 cum
443 1034 497 1064 eo
519 1024 727 1075 agentes,
753 1018 936 1062 tandem
958 1017 1154 1061 uinculis
1175 1017 1427 1070 soluerunt,
1453 1032 1545 1061 non
1574 1023 1724 1062 tamen
1752 1016 1950 1062 abeundi

314 1085 543 1137 potestate
564 1079 686 1131 data,
711 1078 792 1121 sed
813 1083 864 1120 ut
886 1077 943 1121 ad
965 1091 1166 1121 mensam
1187 1091 1292 1120 cum
1315 1076 1423 1133 ipsis
1445 1078 1733 1132 accumberet
1749 1091 1949 1134 semper-

317 1154 408 1195 que
429 1153 534 1182 cum
557 1137 645 1181 illis
665 1143 801 1182 esset.
827 1138 885 1180 Et
906 1151 1009 1181 cum
1033 1136 1229 1190 interim,
1254 1151 1336 1193 pro
1358 1151 1485 1181 more
1512 1151 1612 1190 suo,
1644 1137 1792 1194 quoad
1819 1143 1950 1194 pote-

316 1206 404 1252 rat,
431 1197 623 1250 uiueret,
648 1197 868 1252 statisque
888 1196 1050 1240 diebus
1076 1196 1189 1241 cibis
1215 1196 1368 1241 vetitis
1398 1196 1660 1254 abstineret,
1690 1196 1802 1240 nihil
1828 1195 1950 1240 aliud

316 1273 453 1315 quarn
476 1257 741 1309 illudebant,
768 1263 862 1312 aut,
890 1263 939 1301 ut
960 1256 1202 1314 plurimum
1225 1255 1372 1300 leuius
1394 1256 1783 1309 conuiciabantur,
1816 1255 1951 1299 nullis

316 1317 498 1362 interim
519 1316 635 1362 escis
664 1315 899 1374 appositis,
940 1331 1076 1372 quam
1112 1316 1279 1373 quibus
1299 1315 1385 1373 ipsi
1416 1317 1736 1361 vescebantur.
1769 1315 1952 1360 Exactis

317 1392 396 1422 sex
419 1376 731 1429 hebdomadis,
757 1383 1050 1433 posteaquam
1071 1376 1119 1419 in
1140 1391 1302 1420 manus
1323 1390 1479 1420 eorum
1504 1383 1706 1429 uenerat,
1730 1372 1839 1419 victi
1861 1376 1953 1418 fra-

318 1437 471 1493 ctique
494 1436 726 1494 patientia,
752 1435 1095 1491 constantiaque
1117 1436 1215 1481 eius
1237 1443 1283 1480 et
1303 1436 1633 1479 consuetudine
1659 1434 1875 1488 devincti,
1898 1435 1951 1478 li-

319 1499 542 1541 bertatem
564 1496 606 1540 ei
628 1496 851 1539 dederunt
874 1495 1071 1540 abeundi
1092 1495 1140 1539 in
1161 1495 1486 1540 catholicorum
1509 1502 1672 1550 castra,
1696 1509 1813 1554 quae
1834 1494 1956 1538 haud

319 1558 475 1614 longe,
515 1556 622 1601 inde
650 1557 852 1600 aberant.
886 1557 974 1610 Ac,
1008 1571 1066 1601 ne
1094 1555 1141 1598 in
1169 1555 1344 1613 aliquos
1365 1554 1476 1599 alios
1507 1555 1726 1600 incideret
1753 1554 1955 1600 eiusdem

321 1624 474 1662 sectae
496 1615 716 1668 homines,
741 1631 768 1659 a
790 1614 955 1671 quibus
978 1616 1168 1660 fortasse
1190 1615 1448 1668 detrimenti
1465 1615 1633 1672 aliquid
1650 1614 1853 1672 accipere
1874 1629 1957 1671 po-

323 1676 501 1729 tuisset,
526 1675 709 1732 aliquod
729 1690 834 1719 eum
856 1690 911 1719 eo
934 1690 1079 1731 usque
1097 1675 1297 1719 comitati
1314 1682 1436 1728 sunt,
1455 1676 1576 1721 vnde
1593 1681 1693 1719 tuto
1709 1674 1756 1718 in
1778 1681 1957 1718 nostro-

321 1749 422 1781 rum
438 1742 586 1780 castra
605 1735 830 1792 peruenit,
856 1750 882 1778 a
904 1735 1069 1792 quibus
1086 1735 1286 1793 benigne
1303 1741 1534 1793 acceptus,
1553 1741 1655 1793 post
1671 1734 1768 1780 dies
1785 1733 1957 1791 aliquot

326 1797 384 1841 ad
405 1811 489 1840 nos
510 1795 750 1841 incOlumis
771 1802 840 1840 est
863 1795 1091 1840 remissus.

1074 1940 1138 1983 IX
1185 1940 1215 1982 d

816 2024 868 2059 P.
915 1939 1281 2060 LAMBER'(I'US
1314 2023 1474 2060 AUER

866 2109 1006 2140 PATRI
1040 2109 1222 2150 JACOBO
1255 2110 1430 2140 LAINEZ

761 2179 1045 2237 Moguntiae,
1071 2180 1097 2223 8
1121 2179 1336 2224 Octobris
1363 2181 1472 2235 1562
1499 2182 1529 2224 ¹.

707 2265 760 2300 Ρ.
798 2263 961 2299 Natalis
989 2264 1112 2299 socios
1140 2263 1399 2311 moguntinos
1424 2265 1584 2301 invisit.

426 2337 561 2381 ....A1
581 2335 802 2394 principio
824 2335 869 2379 di
898 2336 1154 2381 Settembre
1181 2335 1332 2380 arriuo
1361 2335 1438 2393 qui
1465 2336 1496 2379 il
1524 2338 1578 2380 R.
1610 2338 1664 2380 P.
1690 2336 1874 2388 Natale‚
1900 2341 1961 2388 et,

333 2412 411 2455 per
433 2411 570 2441 cause
591 2396 708 2440 delle
731 2395 841 2440 ferie
862 2395 907 2438 di
930 2395 1247 2449 Frankfordia,
1271 2395 1357 2440 alle
1379 2397 1511 2452 quale
1533 2397 1651 2440 ando
1678 2410 1761 2439 sua
1781 2397 1856 2448 R.,
1881 2395 1965 2439 do-

332 2458 406 2515 poi
428 2472 507 2514 per
529 2471 666 2500 causa
686 2455 732 2498 di
754 2455 915 2499 soldati
936 2457 1020 2499 che
1042 2470 1311 2512 passorono,
1337 2457 1459 2500 resto
1486 2455 1564 2512 qui
1591 2455 1623 2498 il
1650 2454 1869 2512 principio
1890 2454 1964 2499 del

332 2523 541 2574 presente
563 2530 648 2559 con
678 2514 852 2572 grande
883 2515 1082 2568 adiutto,
1113 2522 1159 2558 et
1187 2515 1354 2568 frutto,
1385 2521 1431 2560 et
1459 2515 1790 2568 consolatione,
1821 2513 1965 2571 expli-

334 2577 479 2620 cando
515 2577 544 2618 l'
579 2574 786 2619 instituto
819 2581 951 2619 santo
988 2582 1144 2618 nostro
1174 2581 1221 2619 et
1252 2588 1358 2618 cose
1385 2574 1654 2631 principale,
1689 2573 1965 2617 risormando

333 2638 363 2679 l’
383 2635 598 2680 interiore
615 2641 660 2678 et
677 2633 898 2678 exteriore
915 2634 1106 2691 collegio
1123 2641 1296 2688 nostro,
1317 2635 1514 2678 secondo
1530 2634 1560 2677 il
1578 2634 1725 2692 solito,
1744 2640 1791 2678 et
1813 2634 1967 2677 facen-

336 2695 435 2740 dosi
457 2710 571 2751 gran
593 2693 743 2738 animo
764 2694 871 2737 nelli
893 2693 1111 2739 essercitii
1132 2693 1290 2738 nostri.
1318 2693 1591 2751 Preghiamo
1607 2695 1665 2738 N.
1687 2695 1735 2739 S.
1756 2695 1841 2737 che
1855 2702 1968 2736 con‘-

340 2755 468 2799 fermi
491 2762 536 2799 et
558 2752 809 2811 augmenti,
835 2759 880 2798 et
901 2753 939 2796 si
962 2753 1102 2798 faccia
1123 2753 1262 2810 degni
1283 2753 1329 2797 di
1357 2760 1516 2810 questa
1544 2753 1704 2811 gratia.
1736 2754 1968 2810 Appresso

339 2815 385 2858 di
410 2814 678 2871 Monsignor
699 2815 843 2857 anche
865 2827 1102 2869 promosce
1123 2820 1283 2869 queste
1305 2828 1410 2858 cose
1438 2821 1610 2870 quanto
1639 2814 1682 2857 al
1703 2818 1913 2869 presente
1933 2811 1971 2854 si

339 2881 506 2931 poteua
528 2874 638 2918 fare.
663 2872 723 2917 Di
743 2873 787 2915 la
808 2873 925 2916 ando
946 2887 1026 2929 per
1048 2873 1301 2930 Herbipoli,
1326 2874 1523 2919 secondo
1543 2874 1573 2918 l'
1597 2872 1755 2919 ordine
1771 2871 1817 2916 di
1833 2873 1891 2917 N.
1914 2873 1966 2915 P.
2031 2882 2034 2884 ’

340 2948 421 2991 per
441 2934 607 2978 vedere
628 2933 670 2977 le
691 2946 797 2976 cose
819 2931 864 2977 di
887 2933 990 2990 quel
1012 2932 1219 2991 collegio.

414 3068 424 3091 ¹
475 3066 533 3105 Ex
554 3065 649 3105 Cod.
668 3075 719 3116 29
738 3065 791 3115 b),
811 3064 877 3101 fol.
893 3073 939 3115 74
957 3064 1070 3114 (101).

1991 0 2014 18 ..i

2033 684 2044 695 ο
2020 0 2040 21 s‘

2096 54 2097 57 „
2043 0 2099 30 ’ἐξ

2144 328 2151 469 „g
2138 208 2146 262 Ὗς
2113 0 2196 93 Αῑννί

2194 862 2196 871 -
2174 642 2196 835 ,mg-213*
2192 616 2196 627 -
2190 582 2196 602 ι.
2167 168 2196 564 a—fl—-ufiQ’a-nst
2174 122 2178 126 ⁸
2167 81 2172 86 ¹
