2196 3522
1101 300 1190 338 1555
1917 289 1966 337 39

326 395 545 454 professis
572 395 782 441 creandis
809 394 1017 440 definiuit
1045 397 1099 440 P.
1130 394 1352 452 Ignatius,
1382 401 1433 438 vt
1459 409 1548 452 ego
1576 393 1736 450 scripsi
1763 392 1812 436 in
1831 394 1965 437 char—

327 473 439 527 tula;
464 473 622 529 quain
644 488 694 518 re
714 488 771 517 ex
792 471 1132 529 dispensatione
1154 471 1330 528 aliquos
1350 469 1620 515 nominauit:
1650 485 1749 515 eam
1777 471 1965 515 chartu-

327 551 418 594 lam
438 565 527 607 ego
547 549 653 594 dedi
681 549 807 594 Patri
835 556 993 593 nostro
1021 548 1180 605 Layni.
1213 549 1264 592 In
1292 548 1640 601 consultatione,
1671 562 1808 604 quam
1836 546 1966 591 iussu

324 628 382 671 P.
408 626 572 684 Ignatij
596 627 856 671 habuerunt
884 628 1045 670 Patres
1066 626 1125 669 ad
1145 625 1276 681 plura
1301 625 1534 682 suffragia,
1566 639 1684 680 quae
1709 630 1966 680 sequuntur

324 704 543 748 conclusa
564 711 687 747 sunt:
713 704 906 760 primum
928 701 1145 746 conuenit
1165 708 1216 744 vt
1231 701 1383 745 statim
1404 708 1647 746 seruentur
1673 700 1962 745 constitutio·-

326 795 424 825 nes.
457 793 572 825 2‚um
599 788 650 824 vt
678 781 1042 838 promulgentur,
1074 779 1198 835 quod
1224 785 1294 822 est
1322 793 1562 823 necessum
1594 779 1652 822 ad
1678 777 1962 823 obseruatio-

327 873 448 903 nem.
482 869 598 914 3,um
627 872 686 902 ne
712 857 967 915 ligarentur
991 870 1163 900 manus
1184 856 1238 899 P.
1271 854 1461 912 Ignatij,
1491 854 1531 898 si
1558 854 1622 897 illi
1648 854 1965 899 vissssderetur

326 935 426 979 illas
447 935 597 991 aliqua
617 934 664 978 in
686 941 814 991 parte
834 933 1000 977 mutari
1021 933 1203 977 debere.
1229 943 1346 987 4111ss
1368 946 1428 975 ne
1448 931 1512 975 ita
1536 931 1827 988 publicentur
1848 946 1964 976 con-

326 1011 604 1066 stitutiones,
641 1018 691 1056 ut
728 1010 847 1068 typis
882 1010 1168 1055 excudantur
1202 1010 1278 1054 vel
1314 1009 1514 1054 externis
1550 1008 1960 1053 communicentur.

328 1098 443 1144 5,um
472 1096 522 1134 vt
548 1090 662 1134 haec
690 1089 819 1141 fiant,
851 1086 978 1144 prius
1008 1085 1078 1131 est
1100 1100 1340 1132 necessum
1366 1088 1377 1108 ¹
1401 1093 1452 1129 vt
1480 1085 1631 1142 aliqua
1652 1085 1791 1129 dubia
1820 1087 1963 1130 resol-

327 1173 510 1219 uantur,
540 1166 663 1222 quod
691 1165 838 1210 tribus
865 1171 945 1209 aut
966 1177 995 1220 4
1022 1164 1186 1208 diebus
1206 1163 1305 1209 fieri
1332 1163 1522 1221 poterit,
1553 1163 1592 1207 si
1619 1164 1754 1207 detur
1782 1163 1824 1207 ei
1851 1163 1916 1207 rei
1945 1164 1962 1184 ²

326 1258 478 1300 opera.
500 1244 616 1287 6.um
638 1243 762 1299 quod
777 1243 1142 1307 advpraesentem
1170 1242 1431 1299 generalem
1454 1240 1633 1295 attinet,
1663 1240 1761 1298 ipse
1789 1241 1959 1294 videat,

327 1321 447 1365 sacta
473 1320 701 1374 oratione,
731 1335 790 1364 an
826 1318 1090 1364 demandari
1118 1317 1377 1363 executioni
1412 1318 1594 1371 debeat,
1625 1319 1748 1374 quod
1776 1319 1963 1362 tradunt

326 1396 674 1442 constitutiones
690 1411 792 1443 esse
807 1397 1144 1441 obseruandum
1162 1395 1282 1440 circa
1293 1396 1569 1453 generalem,
1582 1410 1731 1452 neque
1758 1395 1765 1455 Ι
1792 1410 1960 1460 execu—

327 1474 438 1518 tioni
466 1475 614 1528 detur,
639 1474 726 1518 nisi
747 1473 952 1519 suauiter
973 1473 1070 1530 ipse
1098 1473 1223 1526 velit,
1254 1472 1353 1517 siue
1375 1474 1498 1529 quod
1520 1474 1577 1516 ad
1599 1488 1838 1530 personam
1861 1472 1963 1516 eius

325 1551 502 1606 attinet,
533 1551 632 1598 siue
660 1553 783 1608 quod
811 1553 868 1596 ad
901 1550 1297 1609 gubernationem.
1330 1550 1487 1595 Priora
1518 1561 1542 1606 5
1580 1550 1729 1608 capita
1749 1549 1963 1608 probauit

326 1631 379 1673 P.
405 1629 627 1687 Ignatius:
652 1630 710 1674 de
732 1630 795 1673 6.⁰
817 1628 932 1672 dixit
952 1642 1004 1672 se
1030 1628 1355 1685 cogitaturum.
1379 1628 1551 1685 Voluit
1567 1630 1620 1672 Ρ.
1645 1628 1853 1685 Ignatius
1875 1627 1962 1671 ali-

325 1706 436 1763 quid
463 1706 600 1751 scribi
627 1707 685 1752 de
718 1706 994 1759 obedientia3
1026 1713 1072 1750 et
1099 1719 1240 1761 quum
1267 1705 1441 1751 diceret
1469 1706 1586 1750 velle
1608 1720 1658 1751 se
1679 1706 1788 1749 dare
1816 1720 1964 1763 nego-

253 1797 263 1800 ·
322 1783 444 1828 cium
462 1784 574 1828 illud
589 1786 647 1828 D.
670 1783 909 1837 Madridio,
929 1783 1117 1828 liberius
1133 1782 1241 1826 dixi:
1266 1782 1370 1839 «qui
1386 1782 1553 1840 poterit
1569 1783 1681 1826 illud
1695 1783 1897 1827 nouitius
1915 1784 1958 1826 P»

322 1867 368 1905 et
390 1868 541 1905 tamen
562 1861 609 1904 id
630 1860 739 1904 fecit
759 1863 819 1905 D.
846 1859 1040 1914 Madrid,
1064 1866 1111 1904 et
1133 1861 1188 1904 P.
1213 1859 1420 1917 Ignatius
1436 1860 1512 1904 illa
1535 1873 1551 1904 1
1566 1874 1581 1904 1
1603 1860 1753 1918 capita
1773 1860 1831 1904 de
1847 1861 1960 1904 obe-

319 1936 506 1992 dientia,
531 1952 725 1994 quorum
746 1944 816 1982 est
836 1937 1031 1981 initium:
1062 1938 1136 1980 «In
1159 1936 1371 1994 ingressu
1393 1937 1672 1994 religionis.»

346 2002 348 2004 ,
409 2016 515 2059 Non
547 2014 613 2058 fui
645 2016 816 2059 Romae
865 2014 1055 2072 (opinor)
1087 2014 1243 2071 plures
1275 2029 1411 2071 quam
1450 2015 1499 2058 18
1533 2014 1664 2076 [dies]
1694 2015 1775 2059 84
1815 2029 1957 2071 quum

316 2093 376 2135 ·Ρ.
401 2091 607 2149 Ignatius
628 2091 750 2135 misit
770 2106 845 2136 me
864 2091 909 2134 in
933 2090 1216 2148 Hispaniam.
1243 2091 1371 2135 Haec
1387 2091 1542 2136 missio
1558 2107 1654 2136 non
1670 2091 1757 2136 fuit
1772 2093 1830 2135 ad
1850 2091 1958 2136 visi-

319 2170 526 2224 tandum,
550 2170 632 2214 sed
654 2175 704 2213 vt
725 2175 1071 2213 succurreretur
1093 2169 1108 2190 ³
1131 2167 1377 2225 provisioni
1398 2169 1578 2227 collegij
1611 2169 1800 2213 romani.
1827 2170 1956 2214 Dixit

319 2247 472 2291 Pater:
501 2246 618 2290 «Ibis
638 2253 688 2289 vt
707 2227 1252 2303 provideatur-praesenti
1279 2245 1541 2290 necessitati
1562 2261 1618 2290 ex
1640 2247 1740 2303 alijs
1766 2246 1954 2304 prouin—

285 2356 289 2361 .
318 2321 416 2378 cijs,
441 2330 756 2380 praeterquam
780 2322 1105 2379 Portugassiae,
1131 2336 1189 2366 ne
1203 2324 1291 2365 hoc
1312 2322 1555 2380 collegium
1572 2330 1769 2377 corruat,
1790 2325 1955 2369 funde-

318 2405 392 2442 tur
406 2399 567 2453 »etiam,
592 2399 630 2443 si
652 2400 750 2445 fieri
771 2399 960 2457 possit.»
985 2399 1125 2444 Dedit
1142 2398 1251 2442 mihi
1274 2414 1454 2445 omnem
1476 2400 1812 2455 auctoritatem,
1832 2402 1955 2458 quod

316 2476 375 2519 ad
387 2476 694 2532 prouisionem
710 2476 950 2530 attinebat,
961 2490 1111 2532 neque
1128 2475 1291 2533 aliquis
1309 2476 1367 2521 sit
1383 2484 1619 2534 exceptus,
1635 2486 1953 2535 praeterquam

319 2554 373 2596 P.
398 2552 671 2597 Franciscus
697 2561 744 2598 et
774 2556 828 2598 P.
859 2554 1092 2598 Antonius
1120 2554 1159 2597 ⁴:
1192 2553 1239 2596 in
1267 2553 1366 2610 alijs
1388 2555 1542 2608 rebus,
1567 2561 1618 2598 vt
1644 2554 1716 2599 his
1738 2555 1954 2599 Patribus

389 2690 406 2724 ¹.
451 2689 529 2725 Ms.
540 2717 550 2736 ,
562 2690 684 2737 prius
700 2693 756 2727 est
773 2702 974 2727 necessum
988 2693 1058 2728 est.

385 2750 400 2770 2
450 2748 540 2791 Ms.,
559 2749 678 2785 detur
694 2744 733 2786 ei
748 2750 812 2786 rei
827 2751 961 2787 detur.

386 2808 401 2829 ³
450 2808 542 2854 Ms.,
559 2809 833 2845 succurretur.

384 2868 414 2890 ⁴'
451 2868 533 2903 «En
550 2868 590 2903 lo
605 2867 743 2915 quinto
760 2867 810 2904 de
827 2869 865 2904 la
880 2861 1095 2916 provisioti,
1114 2869 1252 2906 tendra
1274 2870 1390 2917 plena
1413 2870 1617 2906 autoridad
1640 2882 1732 2918 para
1754 2869 1876 2918 podet
1893 2875 1950 2906 to-

315 2938 397 2963 mar
414 2925 576 2973 eonsigo
593 2929 616 2962 ό
633 2926 760 2965 inviar
775 2928 1047 2976 qualesquiera
1064 2940 1252 2976 personas
1269 2931 1291 2964 a
1308 2940 1386 2965 una
1401 2934 1512 2977 parte
1529 2942 1556 2977 y
1573 2933 1595 2966 a
1613 2935 1711 2977 otra,
1729 2935 1896 2978 excepto
1912 2931 1949 2966 el

313 2986 358 3022 P.
378 2986 587 3022 Franciseo
604 2998 631 3033 y
654 2987 690 3022 el
708 2987 752 3022 P.
772 2987 824 3023 D.
850 2986 1023 3023 Antonio
1047 2988 1096 3024 de
1122 2988 1318 3033 Cerdoba3
1337 3001 1364 3036 y
1387 2992 1596 3025 asimesmo
1614 3001 1707 3037 para
1724 2989 1950 3026 ordenarles

310 3045 512 3093 cualquier
544 3056 635 3081 cosa
668 3057 745 3092 que
779 3051 899 3092 tenga
931 3058 1001 3094 por
1033 3048 1366 3084 conveniente...»
1388 3047 1536 3084 Cartas
1564 3050 1612 3085 de
1647 3049 1732 3085 San
1765 3049 1949 3097 IgnaciO,

314 3105 386 3151 VI,
406 3113 465 3150 25.
