2196 3522
1523 64 1569 75 ι,
1638 56 1648 65 a.
1697 52 1717 58 ⁴¹
1773 50 1937 69 γ’
1983 50 2023 58 '¹
2076 54 2188 71 ,tn-1..

369 266 442 312 670
1000 264 1139 301 EP1sT.
1168 263 1212 299 P.
1240 263 1392 299 NADAL

371 366 554 433 clesiam
573 365 829 411 redundare
845 372 997 421 queat.
1019 365 1113 410 Sed
1130 379 1234 408 cum
1253 364 1431 409 uideam
1450 372 1622 423 quanto
1638 365 1742 409 usui
1759 365 1896 409 michi
1912 380 2015 412 esse

370 433 507 482 queat
528 425 576 468 in
598 427 684 468 hac
704 424 903 468 diocaesi
918 425 1011 482 [sic]
1038 421 1138 468 mea
1157 426 1208 468 P.
1236 424 1514 469 Balthazaris
1531 424 1776 482 presentia,
1796 439 2011 482 cuperem

370 498 662 542 magnopere,
690 491 740 527 ut
765 486 816 527 P.
843 486 900 528 V.
908 495 954 519 ae
975 498 1080 528 eum
1103 483 1150 527 in
1167 483 1362 551 collegio
1380 499 1482 529 meo
1504 483 1888 541 braunspergensi
1909 499 2011 530 esse

368 551 415 588 et
436 543 704 588 commorari
727 545 929 587 iubeant.
955 545 1005 586 In
1028 557 1134 600 quo,
1159 557 1264 586 cum
1286 542 1374 586 iam
1397 543 1455 587 sit
1476 545 1621 587 multo
1639 543 1837 588 maxima
1851 558 2009 588 eorum

367 603 640 647 scholarium
664 618 784 659 pars,
803 603 880 658 qui
897 603 992 646 nati
1009 609 1117 646 sunt
1132 602 1179 645 in
1199 602 1401 655 Polonia,
1423 604 1556 648 ualde
1575 602 1715 646 michi
1739 603 1861 646 utilis
1880 602 2008 648 uide-

368 670 494 708 retur
517 664 576 706 ob
600 663 758 718 lingue
780 677 913 706 usum
937 663 995 705 ad
1016 661 1149 705 illos
1138 676 1182 704 1n
1208 662 1358 705 officio
1379 662 1657 715 retinendos,
1682 670 1727 707 et
1755 663 2003 719 agendum,

368 723 442 767 uel
471 737 575 766 cum
604 736 761 765 eorum
790 721 1053 778 propinquis
1083 722 1157 764 uel
1185 735 1290 764 cum
1318 721 1416 777 alijs
1446 721 1689 774 nobilibus,
1721 721 1799 776 qui
1828 723 2007 766 Braun-

366 797 579 839 spergam
602 783 762 825 crebro
784 797 840 825 ex
864 781 1053 825 Polonia
1085 780 1289 825 ueniunt.
1314 782 1451 837 Quod
1479 781 1515 825 si
1543 780 1722 838 collegij
1754 781 1890 824 huius
1917 780 2008 826 mei

368 841 675 886 paternitates
698 843 889 885 Vestrae
907 840 1126 884 rationem
1146 841 1402 893 habuerint,
1424 840 1560 884 michi
1578 855 1672 884 rem
1691 840 1880 885 fecerint
1907 841 2007 884 val-

367 902 425 944 de
461 908 639 958 gratam
677 908 723 945 et
759 900 920 956 officijs
955 900 1064 943 meis
1095 901 1492 956 compensandam.
1525 901 1648 956 Opto
1680 899 2009 944 Paternitatem
2079 939 2083 946 .

367 962 579 1005 Vestram
602 960 681 1003 diu
712 961 830 1004 bene
859 960 1027 1012 ualere,
1053 959 1184 1003 cuius
1206 974 1277 1002 me
1306 959 1584 1004 orationibus
1612 959 1855 1016 diligenter
1883 973 2009 1003 com-
2036 957 2045 967 ⁰

368 1020 549 1064 mendo.
587 1022 753 1063 Datum
792 1034 848 1062 ex
885 1026 1033 1062 castro
1069 1033 1170 1063 meo
1210 1018 1502 1076 Heil,spergh
1534 1018 1607 1063 die
1637 1033 1809 1062 XXVIIII
1841 1019 2010 1111 Augu-

368 1079 427 1122 sti
451 1094 499 1123 M.
528 1095 573 1124 D.
602 1093 710 1123 va.
738 1081 791 1122 R.
820 1080 872 1122 Ρ.
900 1080 957 1122 V.
986 1078 1155 1123 trater
1146 1093 1191 1121 1n
1212 1077 1415 1132 Christo,

784 1139 1105 1190 STANISLAUS,
1140 1152 1429 1182 CARDINALIS
1463 1150 1770 1182 vARMIENSIS.

461 1198 706 1254 Inscriptio
728 1198 778 1240 in
802 1202 968 1254 quarta
994 1198 1198 1254 pagina:
1220 1198 1333 1243 Rdo.
1363 1196 1503 1251 Patri,
1530 1196 1713 1240 domino
1728 1195 1893 1254 Jo'anni
1917 1197 2011 1240 Po·—

370 1257 521 1309 lanco,
547 1271 703 1301 sacrae
731 1256 987 1313 theologiae
1015 1256 1204 1308 doctori,
1230 1265 1275 1301 et
1303 1256 1542 1301 Societatis
1565 1258 1675 1314 Jesu
1704 1254 2009 1314 can[cellario]

369 1315 417 1359 in
447 1316 629 1360 Christo
667 1316 797 1359 nobis
835 1317 1122 1368 honorando,
1155 1317 1340 1360 Rornae.
1376 1317 1484 1359 Alia
1510 1330 1676 1358 manu:
1704 1316 1997 1372 Helisperga.

369 1376 479 1420 Car.
510 1391 610 1419 var,
644 1388 700 1434 29
723 1375 946 1432 Augusti.
988 1376 1240 1432 Vestigium
1263 1375 1444 1432 sigilliq

1143 1518 1241 1561 LIII
1418 1527 1425 1547 ⁸

914 1601 959 1636 B.
988 1599 1191 1637 PETRUS
1218 1599 1467 1636 CANISIUS

655 1686 915 1716 SANcTo
963 1684 1348 1716 FRANCISCO
1395 1685 1473 1715 DE
1521 1685 1730 1726 BORJA

762 1754 1045 1811 Moguntiae,
1078 1755 1129 1798 16
1151 1753 1423 1798 Novembris
1452 1754 1560 1810 1565
1590 1755 1617 1798 ¹.

708 1836 899 1873 Natalem
929 1838 983 1872 ad
1017 1836 1286 1873 Germaniam
1317 1837 1428 1872 mitti
1456 1837 1673 1872 desiderat.

466 1908 767 1961 ...Cardinali,
799 1909 940 1953 semel
967 1915 1013 1952 et
1041 1907 1496 1964 iterumpostulanti,
1528 1909 1646 1951 hanc
1683 1907 1868 1964 promisi
1899 1922 2011 1965 ope-

371 1984 483 2023 ram,
508 1977 558 2011 vt
581 1969 893 2012 Reverendam
920 1967 1241 2012 Paternitatem
1265 1969 1410 2011 Tuam
1433 1969 1723 2012 admonerem
1752 1967 1809 2012 de
1833 1968 1884 2011 P.
1913 1969 2008 2012 Na·

371 2029 460 2072 tale
482 2027 704 2071 mittendo
728 2028 785 2070 ad
813 2027 1015 2083 proxima
1043 2027 1243 2080 comitia,
1274 2026 1351 2070 vbi
1379 2041 1471 2070 non
1500 2027 1645 2070 solum
1674 2026 1748 2070 ille
1776 2026 2007 2080 cardinali,

372 2103 529 2133 verum
553 2087 688 2130 etiam
712 2086 951 2131 vniuersae
971 2087 1244 2131 Germaniae
1267 2085 1509 2142 plurimum
1537 2086 1750 2143 prodesse
1778 2100 1911 2142 posse
1939 2085 2012 2128 vi-

373 2149 613 2192 deretur...

1146 2289 1247 2332 LIV

824 2388 1263 2426 STANISLAUS
1303 2387 1558 2426 HOSIUS

964 2466 1170 2502 cardinalis
1189 2466 1421 2502 varmiensis

851 2558 991 2588 PATRI
1025 2558 1198 2598 JOANNI
1227 2558 1290 2590 DE
1320 2558 1538 2589 POLANCO

688 2622 694 2627 ’
750 2633 1066 2690 Heilsbergae,
1099 2644 1149 2687 17
1171 2633 1439 2679 Decembris
1468 2634 1575 2689 1565
1600 2634 1632 2677 ².

372 2725 541 2759 Patrem
572 2723 842 2758 Hostovinum
868 2725 946 2768 pro
972 2722 1139 2770 collegio
1164 2723 1477 2770 Braunsbergae
1501 2723 1578 2758 sibi
1600 2724 1760 2759 concedi
1783 2722 2011 2772 efflagitat.

465 2802 578 2846 Rde.
605 2802 743 2844 Pater
764 2799 811 2842 in
833 2799 1034 2853 Christo,
1059 2799 1189 2843 nobis
1216 2800 1476 2845 charissime
1504 2807 1550 2845 et
1577 2789 1859 2856 honorande,
1891 2801 2018 2846 salu·
2048 2783 2051 2786 ι

446 2955 458 2975 ¹
510 2956 568 2990 Ex
588 2954 816 3000 archetypo,
836 2952 876 2988 in
897 2953 1024 3037 {pist
1048 2953 1221 3001 canisii,
1241 2955 1272 2997 1,
1296 2954 1362 3000 158
1379 2953 1480 3001 (302,
1498 2954 1597 3000 303).

446 3005 459 3024 2
510 3003 569 3037 Ex
592 3002 754 3048 archety
783 3012 819 3045 o,
819 2999 879 3083 Iin
962 3002 989 3036 d
1038 3001 1099 3048 38,
1123 2983 1268 3049 duplici
1293 3001 1377 3047 fol„
1408 3010 1475 3048 129
1499 3004 1589 3048 (29).
1617 3002 1730 3039 Vide
1736 3003 1851 3051 epist.
1872 3002 1942 3049 348
1971 3007 2016 3039 et

377 3049 562 3097 append,
581 3048 688 3085 XLV
707 3053 747 3084 et
