2196 3522
304 287 374 324 470
870 281 1008 316 EPIST.
1035 280 1079 316 P.
1107 280 1377 318 Nau—338

305 395 414 437 gere
436 388 481 425 et
503 380 701 424 scriuere
722 395 851 426 come
873 382 903 425 11
924 381 1147 438 piscatore
1168 383 1242 426 dal
1271 397 1374 428 esca
1404 398 1508 427 cum
1536 385 1579 428 la
1602 385 1735 440 quale
1757 385 1880 442 copri
1906 386 1940 428 l'

305 460 455 511 hamo,
481 465 568 500 etc.

393 547 436 588 4.
503 534 631 578 Tutti
651 549 732 592 per
754 536 901 593 gratia
922 536 1039 580 dello
1063 536 1229 594 Signor
1251 537 1393 580 siamo
1419 538 1799 584 mediocramente
1821 539 1937 592 sani,

306 618 475 655 essetto
496 611 527 654 11
550 612 787 665 Siluestro‚
813 620 858 656 et
878 620 1045 656 stamo:
1071 599 1316 666 sacerdoti,
1348 627 1420 668 10;
1445 613 1648 671 magistri
1675 630 1766 659 non
1788 630 1937 660 sacer-

306 688 418 742 doti,
444 689 487 742 63
512 691 854 734 annumerando
875 690 906 732 il
929 691 1163 734 Vrezzano
1186 690 1279 748 [sic]
1305 698 1350 734 et
1372 692 1556 735 Matheo
1583 690 1648 751 [?];
1678 692 1871 735 scholari
1892 692 1937 735 in

306 765 517 821 phissica‚
545 779 587 821 33
613 765 658 809 in
682 766 847 823 logica,
872 780 916 821 4;
941 767 988 810 in
1010 767 1250 820 rhetorica,
1278 780 1319 821 23
1339 767 1385 810 in
1407 767 1656 820 humanita,
1675 783 1781 823 vno3
1802 769 1938 812 coad-

306 842 494 899 giutori,
520 843 563 896 6;
584 841 659 886 alli
676 843 797 900 quali
815 843 851 887 si
873 843 1014 900 iunge
1037 844 1067 886 il
1089 846 1142 887 P.
1165 846 1303 889 Petro
1327 834 1452 888 Phae
1474 847 1483 866 ¹
1503 851 1549 887 et
1565 844 1597 886 il
1615 845 1666 887 P.
1689 846 1942 889 Bertrando

307 933 411 962 cum
440 919 663 964 Siluestro
697 921 834 964 fanno
863 921 894 963 il
922 935 1111 966 numero
1139 921 1185 964 di
1216 932 1268 976 35
1299 936 1510 977 persone,
1542 922 1584 964 16
1611 922 1744 977 quale
1775 922 1941 967 viueno

307 1003 428 1039 sotto
450 996 733 1042 l’obedienza
754 998 872 1040 della
894 997 1192 1054 Compagnia.
1357 996 1359 999 ’

398 1084 437 1129 5.
500 1075 535 1117 11
559 1075 611 1117 P.
641 1075 777 1119 Petro
801 1076 926 1118 Phae
948 1074 1117 1119 incirca
1138 1076 1180 1119 la
1203 1075 1402 1119 festiuita
1431 1076 1505 1118 del
1534 1075 1696 1119 Natale
1716 1075 1754 1118 si
1776 1075 1942 1131 partira

308 1164 411 1194 cum
440 1152 593 1194 buona
619 1152 806 1194 volunta
834 1152 907 1195 del
936 1153 1066 1195 Rmo.
1098 1151 1444 1205 archiuescouo,
1469 1152 1558 1195 allo
1581 1153 1713 1208 quale
1734 1151 1765 1195 11
1794 1152 1942 1196 Padre

306 1227 584 1284 prouinciale
615 1234 660 1271 et
687 1228 731 1270 io
760 1230 953 1273 hauemo
983 1229 1163 1272 visitato
1191 1229 1237 1272 in
1269 1228 1514 1283 Withlich‚
1544 1229 1664 1279 doue
1691 1230 1890 1272 anchora
1909 1227 1941 1271 li

308 1305 433 1360 parlo
451 1306 508 1348 V.
536 1306 589 1348 R.
618 1307 690 1358 P.,
717 1312 762 1350 et
783 1307 808 1349 6
830 1313 948 1348 stato
971 1313 1188 1350 contento
1210 1308 1295 1351 che
1317 1306 1347 1348 11
1369 1306 1494 1350 detto
1517 1308 1567 1349 P.
1588 1308 1725 1350 Petro
1742 1305 1808 1348 sia
1825 1306 1941 1350 della

309 1377 609 1438 Compagnia{
634 1390 680 1427 et
700 1384 817 1426 vada
838 1384 894 1426 ad
915 1398 976 1426 vn
998 1384 1112 1427 altro
1134 1383 1327 1440 collegio
1343 1384 1403 1426 ad
1419 1387 1591 1439 tempus
1614 1383 1744 1426 fuora
1760 1382 1806 1426 di
1827 1384 1942 1428 Tre—

309 1473 432 1502 uere.
460 1459 678 1515 Speramo
699 1461 785 1503 che
805 1475 909 1503 cum
932 1460 963 1502 11
989 1467 1148 1505 senato
1168 1467 1214 1504 et
1240 1449 1425 1504 citadini
1453 1461 1650 1503 anchora
1677 1459 1714 1504 51
1742 1461 1837 1503 sara
1858 1461 1943 1503 che

309 1550 413 1579 cum
444 1537 597 1579 buona
625 1537 811 1580 volunta
838 1538 936 1580 loro
964 1536 1002 1580 si
1032 1536 1174 1580 faccia
1203 1537 1234 1579 il
1266 1544 1400 1580 tutto.
1432 1525 1469 1580 E
1504 1537 1535 1579 il
1563 1537 1689 1585 detto
1720 1539 1772 1579 P.
1806 1538 1943 1580 Petro

308 1628 492 1669 apresso
513 1613 558 1656 di
586 1614 683 1657 loro
715 1614 761 1656 in
794 1615 945 1657 buona
972 1613 1258 1659 estimatione
1286 1621 1332 1658 et
1359 1615 1571 1657 l’amano.
1604 1613 1653 1658 Si
1682 1613 1896 1657 mandara
1917 1627 1943 1656 a

307 1690 497 1734 Colonia
518 1690 549 1733 il
571 1693 624 1734 P.
652 1693 790 1736 Petro
813 1694 952 1737 Phae.

397 1768 439 1821 6,
506 1768 702 1824 Quando
723 1783 875 1812 eramo
898 1783 1001 1812 cum
1023 1769 1054 1812 il
1076 1771 1227 1822 Rmo.‚
1259 1769 1458 1825 parlamo
1480 1769 1618 1811 molte
1639 1781 1765 1821 cose,
1796 1773 1842 1810 et
1861 1781 1942 1824 par

309 1858 388 1900 per
404 1851 527 1888 «tutte
550 1845 614 1888 sia
637 1846 724 1890 ben
747 1846 959 1900 animato;
985 1856 1029 1891 et
1053 1847 1231 1890 odendo
1252 1847 1338 1890 che
1364 1846 1407 1888 la
1436 1844 1647 1901 fameglia
1675 1844 1792 1887 tutta
1819 1844 1835 1865 ¹
1864 1858 1941 1888 era

309 1921 548 1976 cresciuta,
567 1922 605 1966 si
622 1937 850 1978 promesse
867 1923 911 1966 di
928 1924 1053 1966 voler
1069 1924 1166 1977 dar,
1185 1924 1299 1966 oltra
1316 1923 1359 1966 la
1375 1936 1550 1966 somma
1566 1935 1731 1974 annua,
1749 1921 1944 1977 qualche

310 1997 466 2041 adiuto
484 1998 529 2041 di
547 1999 772 2043 frumento
789 2008 834 2043 et
850 2000 972 2053 vino,
999 2015 1088 2043 non
1111 1999 1452 2044 determinando
1469 1997 1648 2043 interim
1666 1998 1863 2054 quando,
1882 2012 1941 2041 ne

310 2077 455 2118 anche
474 2083 659 2131 quanto.
686 2077 829 2132 Spero
850 2078 923 2120 nel
946 2077 1114 2134 Signor
1136 2078 1220 2121 che
1241 2091 1369 2119 come
1391 2077 1434 2119 fa
1456 2075 1487 2118 il
1508 2075 1602 2131 piu,
1626 2074 1723 2118 cioe
1744 2073 1943 2118 chiamar

310 2152 397 2195 alla
419 2152 701 2208 Compagnia
728 2153 931 2206 alchuni,
963 2156 1047 2197 che
1076 2155 1272 2197 anchora
1299 2152 1548 2209 prouedera
1575 2151 1692 2194 della
1713 2156 1943 2195 sustenta-

313 2228 435 2272 tione
455 2230 568 2281 loro,
593 2229 624 2272 il
646 2232 730 2274 che
758 2232 783 2274 e
811 2232 949 2274 molto
976 2233 1193 2283 mancho,
1225 2230 1417 2275 essendo
1445 2231 1543 2284 che,
1561 2228 1591 2271 11
1619 2228 1763 2284 primo
1790 2242 1883 2271 non
1904 2226 1943 2270 si
1982 2264 1986 2268 .

312 2307 403 2362 puo
427 2306 494 2349 far
514 2321 649 2350 senza
673 2307 813 2361 Iddio,
839 2308 870 2350 11
891 2309 1087 2351 secondo
1109 2309 1200 2364 puo
1223 2308 1289 2351 far
1310 2308 1512 2349 l’huomo
1534 2306 1629 2349 solo
1651 2318 1786 2348 senza
1802 2303 1944 2360 parti-

313 2384 438 2426 cular
460 2384 648 2440 adg'iuto
669 2383 715 2426 di
735 2384 839 2427 Dio.
865 2386 996 2429 Della
1013 2384 1278 2429 fundatione
1294 2384 1412 2428 dello
1429 2381 1624 2439 collegio
1642 2396 1733 2425 non
1750 2381 1788 2424 si
1805 2381 1942 2425 tratto

313 2459 360 2501 in
381 2460 653 2516 particulare
674 2461 711 2503 si
733 2475 825 2504 non
847 2463 897 2504 in
914 2476 1100 2519 genere,
1120 2476 1248 2505 come
1265 2462 1376 2505 altre
1397 2461 1518 2504 volte
1541 2461 1686 2504 anche
1708 2459 1820 2503 fece.

405 2545 447 2592 7'.
512 2537 788 2582 L'essercitii
806 2539 921 2582 delle
938 2540 1092 2583 schole
1111 2553 1261 2583 vanno
1278 2537 1394 2581 assai
1414 2538 1546 2582 bene.
1568 2537 1777 2580 Hauemo
1793 2534 1838 2578 di
1857 2535 1943 2590 360

315 2614 509 2658 auditori
539 2615 752 2659 ordinarii
784 2623 951 2658 essetto
979 2615 1116 2672 quelli
1144 2616 1262 2660 della
1290 2614 1533 2670 theologia,
1563 2613 1595 2656 li
1627 2612 1748 2668 quali
1781 2612 1942 2655 adesso

315 2693 468 2735 hanno
501 2691 879 2736 incommenziato
914 2694 1031 2736 nella
1069 2693 1223 2736 schola
1257 2690 1511 2735 l’essercitii
1532 2689 1577 2732 di
1606 2689 1837 2746 disputare
1865 2687 1943 2744 piu

317 2765 710 2823 frequentemente
731 2775 777 2813 et
799 2771 995 2812 anchora
1017 2769 1062 2812 di
1085 2769 1278 2825 ripetere
1299 2769 1343 2813 le
1364 2766 1555 2812 lettioni.
1580 2768 1616 2810 F
1619 2765 1665 2809 in
1682 2766 1842 2809 adesso
1864 2779 1944 2820 per

316 2845 463 2901 gratia
483 2846 557 2890 del
578 2845 749 2902 Signor
769 2860 861 2888 non
882 2847 1075 2890 hauemo
1097 2845 1244 2889 inteso
1265 2858 1371 2888 cosa
1392 2843 1662 2900 particulare
1684 2842 1801 2885 della
1816 2847 1946 2898 peste

388 2971 398 2991 ¹
450 2971 497 3006 P.
528 2971 668 3007 Petrus
692 2970 817 3014 Phae',
841 2971 936 3006 alias
960 2971 1082 3006 Fahe.
1112 2969 1178 3006 Cf.
1208 2970 1564 3012 BRAUNSBERGER‚
1590 2968 1668 3004 loc.
1697 2966 1789 3012 cit.‚
1815 2965 1887 3010 ΙΙΙ,
1905 2965 1943 3011 6,
2005 2982 2009 2986 -

316 3035 452 3066 annot.
483 3040 522 3075 4.

386 3091 400 3111 ²
452 3089 643 3136 Autogr.‚
668 3091 789 3124 tatta.
