2196 3522
297 256 344 294 92
866 243 909 278 P.
937 243 1126 278 NATAms
1152 243 1372 278 EPHEMER.

294 360 501 391 raueram
524 345 571 388 in
588 343 855 400 Hispaniam
873 342 1007 396 mitti,
1028 350 1077 386 vt
1093 343 1420 400 prouincialem
1437 343 1604 387 alicubi
1622 345 1834 397 facerem,
1854 345 1935 387 sed

296 424 423 467 tarde
444 422 530 467 iter
553 420 675 475 fecit;
699 420 854 478 itaque
875 421 1030 463 nullus
1052 419 1139 463 fuit
1159 420 1272 464 188
1291 419 1355 463 illi
1377 418 1565 465 relictus
1584 421 1727 464 locus.
1747 420 1935 464 Disces—

295 500 354 543 sit
375 498 648 551 Valentiam,
675 504 724 541 vt
746 504 943 542 tentaret
964 497 1003 541 si
1025 497 1136 553 quid
1156 498 1215 542 de
1236 496 1431 554 negocio
1461 496 1630 541 sororis
1657 505 1811 554 posset
1834 498 1933 542 effi-

262 624 264 628 ·
298 591 415 622 cere:
436 575 550 619 nihil
567 575 779 619 confecit.
800 574 918 619 Dedi
927 574 969 618 ei
989 574 1405 627 instructionem,si
1421 573 1597 618 veniret
1613 573 1868 629 Maioricas;
1889 582 1934 619 et

296 654 370 698 hic
397 655 547 697 bonus
581 652 669 696 fuit
702 652 882 696 occasio
914 659 964 695 vt
993 666 1136 709 nepos
1170 654 1364 696 Romam
1395 651 1670 705 mitteretur,
1698 653 1820 708 quod
1851 651 1936 696 fuit

296 731 405 774 mihi
428 729 802 788 ingratissimum,
828 736 916 773 etc.
943 729 1009 773 Ibi
1037 729 1189 786 recepi
1218 731 1523 774 Bertrannum
1551 735 1598 772 et
1625 728 1735 772 duxi
1756 743 1935 773 mecum

298 807 346 851 in
367 807 563 852 Galliam
590 808 619 850 ¹.

388 963 499 1007 189
633 977 683 1006 IN
707 976 906 1006 1T1NERE
934 975 1347 1006 CAESARAUGUSTA
1371 976 1595 1006 TOLOSAM

969 1053 1017 1082 IN
1051 1052 1264 1083 GALLIAM

390 1193 695 1238 Discessimus
716 1194 744 1236 6
766 1192 950 1249 Aprilis.

394 1270 546 1315 Primo
567 1270 656 1323 die,
682 1271 804 1326 quod
826 1269 912 1313 fuit
933 1270 1065 1313 nobis
1086 1269 1133 1313 in
1160 1269 1315 1326 primis
1344 1270 1468 1323 vtile,
1499 1270 1748 1327 reperimus
1775 1270 1938 1314 mulio-

303 1362 400 1400 nes,
424 1347 502 1403 qui
518 1348 748 1392 ducebant
764 1348 1044 1403 Lugdunum
1062 1346 1233 1403 aliquot
1248 1347 1398 1390 mulos
1415 1354 1605 1391 onustos
1621 1347 1851 1404 argenteis
1867 1347 1939 1391 hi-

304 1424 638 1480 spaniensibus,
663 1431 709 1468 et
730 1438 809 1480 per
830 1430 1008 1468 montes
1029 1425 1347 1468 conduxerant
1363 1424 1638 1480 praesidium
1659 1424 1832 1480 aliquot
1853 1425 1941 1468 mi-

303 1501 433 1545 litum
455 1502 635 1544 Iacham
657 1514 815 1556 vsque.

391 1577 613 1622 Venimus
630 1591 734 1621 cum
751 1577 1031 1621 mulionibus
1049 1578 1303 1622 Oloronum
1320 1593 1479 1634 vsque.
1494 1580 1569 1622 Ad
1587 1579 1793 1635 Syluam,
1807 1579 1939 1636 oppi—

302 1656 428 1708 dum,
459 1654 619 1698 minati
655 1662 763 1698 sunt
787 1653 1004 1699 haeretici
1040 1654 1238 1699 Ximeni.
1269 1654 1276 1712 Ι
1303 1656 1413 1699 Inde
1434 1655 1581 1699 coacti
1602 1671 1760 1700 sumus
1795 1657 1941 1699 multa

302 1738 439 1776 nocte
465 1730 623 1776 venire
651 1719 908 1787 Bigorram,
948 1731 1025 1774 vbi
1063 1746 1222 1788 parum
1258 1731 1405 1775 abfuit
1427 1732 1537 1788 quin
1573 1740 1701 1778 extra
1722 1733 1939 1790 oppidum

303 1815 425 1853 esset
451 1807 583 1851 nobis
609 1809 985 1864 pernoctandum,
1010 1823 1114 1852 cum
1137 1809 1347 1862 maximo,
1386 1816 1432 1853 et
1459 1809 1683 1866 periculo,
1721 1817 1768 1855 et
1796 1810 1939 1855 detri-

304 1892 476 1931 mento.
512 1885 701 1929 Fuimus
727 1885 927 1940 admissi,
956 1892 1002 1930 et
1029 1885 1288 1931 inuenimus
1318 1887 1564 1944 hospitium
1592 1896 1936 1945 praeterspem.

306 1962 531 2007 Dominus
553 1976 636 2005 nos
657 1961 791 2005 iuuit.
1465 2021 1467 2023 ι

397 2040 660 2094 Antequam
681 2038 940 2083 veniremus
967 2041 1195 2094 Tolosam,
1220 2055 1360 2096 quum
1383 2041 1691 2098 cogitaremus
1712 2042 1939 2099 Epamias,

309 2117 367 2160 ad
402 2122 601 2168 nostros,
642 2114 946 2160 intelleximus
986 2118 1043 2159 ab
1080 2117 1318 2162 haereticis
1360 2117 1568 2171 reiectos,
1615 2125 1661 2162 et
1696 2121 1945 2163 monachos
2014 2108 2017 2109 ⁷

308 2207 484 2246 omnes,
508 2198 555 2235 et
576 2198 773 2235 nostros.

395 2312 519 2355 190
1015 2327 1232 2358 TOLOSAE

398 2424 551 2467 Prima
571 2431 721 2477 nocte,
746 2423 995 2480 periculum
1017 2441 1043 2468 a
1065 2426 1303 2470 caluinista
1325 2427 1552 2472 haeretice
1577 2428 1846 2485 impetuoso.

397 2501 665 2558 Reperimus
705 2515 799 2554 eos,
839 2501 916 2556 qui
951 2502 1083 2546 eiecti
1128 2504 1307 2547 fuerant
1344 2505 1542 2560 Epamiis
1578 2505 1624 2548 in
1666 2508 1943 2552 monasterio

309 2579 356 2623 S.
380 2578 552 2623 Mariae
573 2580 844 2623 Deauratae.
872 2578 1082 2633 Visitaui,
1108 2588 1191 2624 etc.

397 2655 485 2712 Egi
507 2669 611 2698 cum
632 2655 863 2711 Delpeche
891 2662 937 2699 et
966 2656 1064 2700 aliis
1092 2657 1313 2714 primariis
1341 2660 1666 2704 mercatoribus
1693 2662 1751 2706 de
1779 2662 1943 2705 funda-

310 2731 433 2775 tione
454 2731 654 2788 colIegii,
679 2745 771 2787 qua
790 2732 848 2775 de
870 2747 918 2776 re
947 2734 1101 2790 accepi
1127 2735 1281 2779 literas
1309 2737 1367 2779 ad
1394 2736 1667 2780 cardinalem
1697 2738 1946 2795 Armigna-

307 2823 426 2853 cum.
449 2807 746 2865 Incoeperant
767 2807 857 2852 iam
872 2811 1023 2853 furere
1046 2811 1313 2857 caluinistae
1337 2814 1368 2856 ².
1627 2801 1631 2805 ¹

380 2992 393 3014 ¹
443 2991 508 3028 Nil
527 2990 643 3038 scrip
650 3002 716 3027 um
733 2995 796 3026 est
812 2990 853 3027 in
870 2990 937 3028 fol.
962 2993 1028 3028 188
1047 3006 1088 3030 v.

380 3052 395 3072 ²
445 3049 704 3095 SAccx-Imus,
722 3050 796 3088 loc.
816 3049 909 3096 cit.,
927 3063 966 3087 n.
984 3051 1043 3097 65.
1065 3052 1156 3090 Nil·
1146 3066 1186 3090 m
1204 3054 1361 3101 fol.19o
1378 3068 1417 3093 v.
1437 3025 1624 3104 scriptum
1643 3064 1722 3099 est.
