2196 3522
973 331 1065 370 1557
1791 335 1834 373 15

192 423 395 482 benigne
415 423 661 481 accepisse,
685 424 869 470 iuuasse
890 426 1028 470 etiam
1056 441 1384 483 nonnunquam
1407 428 1724 485 eleemosynis.
1751 429 1836 474 46

191 501 548 547 Memineramus
575 503 698 558 quod
724 502 770 546 in
805 503 1116 549 controuersia
1142 505 1201 548 de
1229 505 1510 559 Octauiano,
1544 506 1835 553 adolescente

196 579 498 636 neapolitanO,
530 594 614 623 sua
642 581 889 624 auctoritas
916 596 970 624 ac
996 581 1222 626 sententia
1246 597 1339 626 non
1366 582 1653 628 obtinuisset:
1686 584 1835 630 fuerat

197 656 334 712 enim,
358 663 525 714 agente
557 658 611 701 P.
642 657 820 715 Ignatio
842 658 964 714 apud
991 657 1155 701 Iulium
1186 671 1288 714 3.m,
1314 660 1371 703 ab
1399 674 1455 705 eo
1472 659 1690 704 iudicium
1712 660 1834 705 illius

196 734 540 779 controuersiae
575 735 776 779 ablatum
812 742 950 791 atque
978 736 1037 779 ad
1064 735 1176 779 alios
1213 737 1415 799 delatum
1442 737 1716 792 cardinales3
1751 738 1833 784 sed

194 819 364 864 tamen,
388 818 629 869 postquam
667 812 753 855 fuit
787 812 1075 857 renuntiatus
1111 813 1332 869 pontifex,
1358 813 1629 858 suauissime
1657 815 1834 873 accepit

199 891 252 932 P.
279 887 523 946 Ignatium,
547 903 602 933 ac
622 888 754 932 iussit
775 889 1059 934 confidenter
1075 890 1132 932 ad
1153 904 1203 933 se
1224 889 1365 943 adire,
1385 891 1444 935 de
1465 905 1515 934 se
1536 892 1653 936 bene
1675 906 1831 948 spera-

196 981 260 1020 re,
284 973 331 1010 et
353 973 476 1010 certe
496 972 656 1023 postea
681 965 974 1024 priuilegium
1002 966 1128 1012 dedit
1155 974 1312 1011 nostro
1340 967 1537 1024 collegio
1567 983 1755 1012 romano
1782 977 1832 1011 vt

190 1045 404 1088 doctores
426 1057 479 1087 ac
501 1042 707 1101 magistri
728 1043 775 1086 in
797 1058 852 1089 eo
883 1043 1026 1088 creari
1048 1051 1258 1101 possent;
1289 1051 1336 1088 et
1363 1044 1537 1101 petenti
1566 1047 1619 1089 P.
1651 1045 1831 1102 Ignatio

194 1120 466 1165 moribundo
487 1135 568 1177 per
585 1122 638 1164 P.
662 1121 912 1165 Polaneum
927 1120 1233 1178 plenissimam
1251 1128 1322 1166 est
1337 1121 1531 1179 largitus
1547 1121 1807 1167 benedictio
1823 1149 1834 1156 -

155 1184 166 1189 ν
195 1213 302 1244 nem
324 1204 462 1254 atque
482 1197 829 1255 indulgentiam.
1507 1257 1509 1259 ‚

287 1276 572 1340 Occurrebat
607 1275 731 1331 quod
765 1274 942 1320 dixerat
968 1283 1072 1332 post
1098 1275 1274 1319 obitum
1304 1276 1453 1320 Patris
1481 1290 1564 1320 nos
1591 1275 1598 1334 Ι
1625 1276 1828 1321 amisisse

197 1359 402 1396 nostrum
417 1351 606 1406 idolum,
621 1351 732 1396 nihil
747 1367 848 1397 esse
865 1353 988 1408 quod
1003 1352 1170 1396 nostris
1186 1353 1590 1397 constitutionibus
1606 1354 1679 1398 vel
1696 1353 1831 1397 bullis

197 1430 456 1482 fideremus,
479 1429 597 1473 velle
618 1443 668 1474 se
689 1428 841 1473 omnia
862 1429 1136 1483 examinare,
1161 1429 1313 1474 omnia
1333 1429 1551 1485 iudicare;
1576 1431 1657 1475 sed
1679 1438 1829 1476 tamen

192 1506 306 1551 nihil
321 1508 407 1551 hac
428 1507 485 1550 de
501 1521 551 1551 re
565 1506 663 1563 egit
678 1514 850 1563 postea:
870 1513 1052 1551 nostros
1068 1521 1247 1564 semper
1262 1506 1463 1564 benigne
1479 1507 1609 1551 vidit:
1630 1508 1828 1552 eleemo-

190 1598 332 1641 synas
352 1582 485 1628 nobis
505 1589 552 1627 et
572 1583 668 1640 ipse
690 1589 736 1629 et
761 1583 833 1627 sui
863 1591 1053 1641 nepotes
1075 1584 1314 1628 dederunt.
1349 1586 1587 1630 Postremo
1616 1584 1727 1628 nihil
1748 1599 1829 1629 su-

193 1659 357 1718 spicari
378 1667 653 1718 poteramus,
678 1661 802 1717 quod
827 1660 954 1704 illum
977 1668 1068 1705 tam
1092 1660 1281 1718 fortiter,
1314 1668 1406 1706 tam
1428 1669 1617 1718 repente
1638 1676 1828 1707 mouere

189 1739 439 1784 aduersum
466 1752 550 1782 nos
577 1737 815 1795 potuisset;
841 1745 889 1782 et
915 1738 1067 1782 omnia
1094 1746 1244 1783 tamen
1273 1738 1382 1783 boni
1403 1740 1754 1784 consulebamus
1782 1746 1829 1784 et

193 1804 605 1873 interpretabamur
625 1830 681 1859 ex
702 1816 824 1859 bono
844 1815 1070 1873 pontificis
1092 1817 1188 1859 zelo
1210 1815 1452 1874 proficisci.

286 1895 415 1938 Haec
436 1907 540 1936 cum
561 1890 881 1946 ita‘haberent,
906 1892 1175 1938 resciuimus
1199 1908 1341 1937 vnum
1368 1908 1394 1938 e
1422 1893 1588 1938 nostris
1615 1894 1828 1938 sacerdo-

193 1971 320 2015 tibus
340 1971 432 2014 duo
452 1969 755 2027 chirographa
775 1985 855 2027 per
875 1970 991 2014 duos
1012 1969 1263 2014 cardinales
1284 1970 1503 2015 obtulisse
1532 1971 1690 2014 Paulo.
1717 1971 1830 2015 Chi-

197 2048 606 2105 r047graphorum
626 2062 716 2091 vna
744 2054 840 2092 erat
867 2047 1093 2092 sententia
1120 2047 1219 2093 siue
1241 2047 1488 2101 accusatio,
1514 2062 1598 2092 nos
1626 2048 1742 2092 velle
1764 2048 1829 2093 ire

122 2165 126 2168 .
192 2125 242 2168 in
264 2124 532 2182 Hispaniam
553 2132 603 2168 vt
619 2123 739 2168 sedis
756 2123 1032 2181 apostolicae
1048 2124 1146 2169 siue
1162 2125 1379 2169 iudicium
1395 2124 1495 2169 siue
1511 2124 1829 2170 auctoritatem

193 2203 457 2255 vitaremus,
483 2216 536 2245 ac
557 2201 744 2246 liberius
764 2216 847 2259 pro
868 2208 1027 2245 nostro
1049 2201 1270 2246 arbitratu
1290 2209 1337 2246 et
1358 2202 1620 2260 generalem
1637 2216 1830 2259 praepo-

189 2280 331 2325 situm
351 2293 624 2333 crearemus,
649 2286 696 2324 et
716 2280 774 2324 de
794 2278 1196 2324 constitutionibus
1218 2279 1589 2337 transigeremus;
1615 2279 1828 2336 prouide-

192 2365 263 2402 ret
283 2356 595 2400 sanctissimus
616 2356 827 2400 dominus
848 2371 905 2400 ne
922 2356 1244 2401 detrimentum
1261 2357 1468 2403 Societas
1484 2363 1681 2414 caperet.
1700 2357 1828 2401 Haec

195 2433 282 2477 fuit
307 2433 534 2478 sententia
560 2433 981 2491 chirographorum,
1015 2440 1235 2490 quantum
1264 2433 1519 2491 intelligere
1544 2433 1775 2491 potuimus
1802 2449 1829 2476 a

192 2508 412 2554 cardinali
431 2525 618 2555 romano
634 2510 732 2571 [sic]
752 2525 805 2555 ac
821 2511 1107 2566 cancellario,
1132 2510 1299 2567 quibus
1320 2511 1426 2555 data
1443 2517 1572 2556 erant
1593 2510 1827 2567 chirogra-

196 2589 302 2645 pha,
327 2587 406 2643 qui
420 2587 557 2631 etiam
571 2589 630 2633 de
645 2587 755 2645 ipsis
778 2589 836 2632 ad
851 2588 1112 2646 pontificem
1133 2589 1400 2634 retulerant.
1427 2587 1521 2645 Qui
1542 2586 1826 2644 conscripse-

194 2672 264 2707 rat
290 2663 297 2722 Ι
325 2663 692 2722 chirographa,is
708 2672 806 2710 erat
823 2664 1019 2709 Pontius
1040 2666 1068 2708 ¹.
1097 2667 1236 2709 Hunc
1257 2665 1514 2710 sciebamus
1536 2678 1694 2708 omnes
1717 2678 1823 2721 gra-

194 2740 378 2785 uissime
387 2740 618 2786 laborasse
628 2740 937 2798 superioribus
948 2741 1079 2786 annis
1089 2741 1335 2785 ambitione
1346 2740 1638 2798 professionis
1650 2753 1678 2795 4
1693 2746 1825 2784 voto-

193 2833 309 2861 rum.
335 2818 442 2875 Qua
462 2817 510 2860 in
530 2831 579 2861 re
599 2831 742 2874 quum
762 2833 897 2863 suum
918 2818 1193 2864 desiderium
1210 2825 1462 2864 sectaretur
1478 2817 1721 2872 obstinate,
1739 2831 1826 2861 nec

188 2896 244 2939 P.
268 2893 450 2953 Ignatio
465 2894 777 2951 obtemperare
796 2896 950 2950 vellet,
975 2910 1135 2953 parum
1158 2895 1305 2940 abfuit
1325 2895 1438 2952 quin
1453 2910 1480 2939 a
1497 2893 1727 2940 Societate
1744 2909 1826 2939 ex-

186 2971 448 3029 pelleretur.
474 2970 714 3016 Concessit
735 2978 887 3018 tamen
907 2972 971 3016 illi
994 2974 1047 3017 P.
1074 2973 1279 3030 Ignatius
1300 2971 1627 3029 professionem
1652 2984 1676 3027 3
1694 2978 1827 3015 voto-

267 3140 277 3160 ·
327 3122 588 3184 SACCHINIJS,
608 3139 682 3174 loc.
698 3138 783 3184 cit.,
803 3150 839 3174 n⁴
861 3147 922 3184 75.
996 3143 1005 3147 *
