2196 3522
300 233 370 279 530
913 234 1056 269 EP1sT.
1087 233 1136 269 P.
1168 233 1319 269 NADAL

304 335 415 391 gio..
473 338 717 378 Promotus
748 335 794 378 in
824 349 979 378 sacrae
1008 334 1264 401 theologiae
1289 335 1632 381 baccalaureum
1661 337 1911 382 Coloniae.

304 394 450 438 Docui
474 394 520 436 in
543 394 771 439 Societate
793 394 923 437 annis
946 398 973 448 7'
990 393 1331 451 grammaticam
1354 393 1632 450 disciplinam
1655 403 1701 441 et
1721 396 1936 454 logicam,

306 453 542 509 evangelia
564 453 672 497 item
695 461 741 497 et
763 453 1105 511 catechismum.
1132 452 1182 510 [Ι,
1210 466 1280 508 31,
1309 465 1380 508 32,
1406 454 1477 512 34]

400 525 435 555 1.
501 513 766 556 Alexand&
789 514 989 569 Belseyr.
1017 525 1058 556 2.
1085 512 1260 569 Viginti
1284 527 1439 556 annos.
1469 527 1512 568 3.
1537 514 1731 560 Natione
1753 516 1933 572 anglus,

304 571 536 628 provincia
557 587 666 616 vero
687 580 733 615 et
756 573 898 628 patria
920 571 1231 615 oxoniensis...
1265 584 1330 615 12.
1351 572 1437 616 Fui
1454 572 1499 615 in
1517 573 1742 618 Societate
1759 590 1837 631 per
1854 590 1935 619 an-

305 645 431 674 num:
454 632 478 673 8
490 631 693 688 Januarii
711 631 942 688 sequentis
961 631 1023 674 fui
1042 638 1251 699 receptus
1268 631 1313 674 in
1331 633 1526 688 collegio
1541 633 1937 689 moguntinensi...

312 703 377 744 14.
405 692 565 745 Neque
594 692 808 734 sacerdos
837 706 953 742 sum,
985 705 1134 746 neque
1156 690 1202 733 in
1225 691 1419 746 aliquem
1441 692 1794 736 ecclesiasticum
1816 693 1937 737 ordi-

307 765 409 793 nem
427 757 674 805 promotus.
708 762 774 805 15.
802 752 851 793 In
874 751 1017 802 nullo,
1043 749 1128 793 nisi
1151 750 1198 793 in
1224 749 1312 793 isto
1340 751 1534 807 collegio
1562 752 1682 795 fui...
1715 753 1837 797 Ante
1867 752 1940 796 in—

307 823 515 861 gressum
540 809 586 851 in
609 810 884 854 Societatem
908 824 1089 865 operam
1112 809 1252 854 literis
1274 810 1393 861 dedi,
1420 811 1564 866 primo
1587 811 1630 853 in
1657 811 1799 867 patria
1820 827 1939 866 mea,

308 868 503 912 deinde
492 883 539 910 m
568 869 760 925 collegio
789 868 1023 913 aetonensi
1051 868 1098 911 in
1126 870 1296 926 Anglia
1324 885 1402 925 per
1429 883 1457 924 4
1493 885 1636 914 annos
1664 871 1940 914 humaniori—

307 929 416 980 bus,
457 934 613 983 postea
646 929 812 972 Oxonii
844 928 1115 980 rhetoricae,
1157 930 1339 972 demum
1372 929 1633 974 Wintoniae
1665 930 1710 973 in
1746 930 1944 987 collegio

310 986 612 1030 beatissimae
628 988 831 1044 Virginis
864 988 1113 1032 rhetoricae
1141 1003 1219 1044 per
1247 989 1362 1031 duos
1389 1004 1552 1033 annos:
1584 991 1705 1034 unde
1730 989 1945 1033 remissus

312 1047 368 1089 ad
406 1045 648 1103 collegium
685 1047 970 1091 beatissimae
999 1047 1225 1103 Virginis,
1262 1048 1430 1092 Oxonii
1467 1049 1703 1101 situatum,
1744 1049 1944 1106 philoso—

311 1105 443 1162 phiae
465 1105 653 1148 incubui
677 1107 769 1151 fere
791 1122 870 1173 per
893 1121 1079 1159 annum;
1101 1107 1288 1151 Lovanii
1306 1115 1456 1152 autem
1468 1108 1561 1164 juri
1577 1108 1695 1152 civili
1712 1123 1791 1165 per
1807 1123 1944 1186 quar—

308 1173 398 1208 tam
416 1164 522 1207 anni
544 1172 716 1221 partem
738 1166 936 1209 animum
959 1141 1169 1222 applicui.
1197 1166 1246 1223 [1‚
1274 1167 1343 1223 37]

408 1237 445 1267 Ι.
510 1225 791 1268 Alessandro
816 1226 1028 1268 Cololmo.
1056 1238 1096 1269 2
1124 1227 1198 1269 Ha
1222 1238 1277 1279 24
1306 1226 1426 1270 anni
1463 1240 1502 1282 3.
1537 1227 1724 1270 Italiano
1752 1228 1809 1271 de
1836 1224 1945 1270 Fio-

313 1299 446 1328 renza
470 1283 633 1327 citta...
668 1295 709 1338 7.
737 1286 825 1327 Era
846 1286 1044 1337 somaro,
1070 1299 1097 1327 o
1118 1285 1288 1341 pistore
1310 1285 1508 1329 vitrario.
1541 1300 1607 1330 12.
1641 1288 1816 1342 Quatro
1838 1285 1943 1328 anni

311 1344 356 1386 fa
378 1345 462 1386 che
485 1344 510 1386 e
532 1342 739 1388 ricevuto
762 1345 881 1387 nella
904 1344 1202 1401 Compagnia,
1227 1345 1345 1388 nella
1367 1358 1471 1389 casa
1501 1347 1557 1390 de
1579 1348 1776 1390 Roma...
1808 1356 1869 1400 15.
1894 1346 1945 1388 In

312 1402 505 1458 collegio
527 1417 712 1446 romano
741 1410 785 1447 et
814 1404 930 1446 nella
958 1418 1063 1446 casa
1089 1419 1275 1447 romana
1303 1412 1348 1447 et
1379 1404 1426 1447 in
1448 1405 1724 1460 Ingolstadio
1753 1407 1812 1447 ha
1833 1405 1949 1448 fatto

312 1461 481 1504 servitii
503 1462 560 1506 de
581 1476 701 1515 casa,
726 1469 786 1515 et,
813 1464 972 1506 adesso
995 1464 1020 1506 e
1042 1477 1202 1507 cuoco.
1228 1461 1277 1520 [L
1305 1462 1375 1523 38]

410 1533 446 1564 1.
512 1522 928 1565 Alexander‘Woit.
957 1535 997 1565 2.
1025 1523 1137 1567 Sum
1161 1530 1295 1566 natus
1319 1537 1461 1566 annos
1482 1523 1646 1579 viginti
1668 1524 1782 1566 duos
1798 1522 1950 1565 minus

316 1579 479 1624 medio.
519 1594 559 1636 3.
601 1582 712 1625 Sum
750 1581 932 1625 natione
969 1583 1174 1648 boemus,
1214 1582 1500 1639 pragensis..
1544 1595 1609 1626 12.
1644 1584 1781 1626 Anno
1818 1592 1946 1638 1559,

321 1651 370 1693 17
395 1639 646 1693 Februarii,
673 1640 980 1685 Societatem
970 1656 1203 1697 ingressus
1228 1643 1416 1698 Pragae:
1447 1641 1733 1686 examinatus
1758 1657 1784 1684 a
1812 1643 1947 1685 Patre

320 1699 497 1742 Paulo..
562 1712 622 1753 14.
660 1700 773 1744 Sum
801 1700 1122 1744 subdiaconus.
1161 1711 1227 1755 15
1260 1703 1310 1743 In
1339 1702 1463 1744 nullo
1491 1701 1578 1744 alio
1606 1701 1801 1770 collegio
1825 1699 1924 1743 fui..

327 1759 391 1801 18.
420 1759 542 1802 Vota
563 1766 780 1802 consueta
801 1761 947 1803 habeo
970 1761 1026 1802 ab
1049 1775 1167 1804 anno
1196 1761 1322 1815 1561
1348 1761 1470 1805 nulla
1492 1761 1591 1804 alia.
1621 1759 1768 1819 [1³39]

412 1830 447 1860 1.
514 1818 788 1874 Alplzonsus
827 1831 868 1862 2.
910 1819 1086 1875 Viginti
1124 1827 1215 1864 tres
1253 1834 1412 1872 annos,
1448 1827 1492 1864 et
1529 1820 1713 1876 insuper
1749 1819 1952 1875 quinque

318 1891 512 1929 menses,
537 1884 672 1921 natus
694 1891 810 1920 sum.
839 1892 879 1932 3.
906 1880 1018 1923 Sum
1047 1879 1280 1934 hispanus,
1307 1893 1362 1922 ex
1387 1878 1570 1924 civitate
1592 1888 1637 1923 et
1660 1878 1855 1923 dioecesi
1879 1885 1948 1921 to-

319 1937 524 1979 letana...
558 1949 623 1979 12.
656 1938 894 1993 Ingressus
922 1953 1022 1980 sum
1051 1938 1097 1980 in
1127 1937 1401 1983 Societatem
1424 1938 1542 1982 circa
1565 1953 1731 1982 annum
1754 1953 1856 1982 cum
1880 1937 1945 1980 di-

318 1994 455 2037 midio
484 1996 620 2051 paulo
651 1995 822 2049 minus,
855 2004 900 2040 et
930 1997 1062 2052 jussu
1094 1997 1241 2041 Patris
1272 1998 1414 2041 nostri
1436 1998 1671 2065 generalis·
1688 2000 1857 2042 Romae
1885 1995 1950 2040 fui

318 2054 601 2098 examinatus
623 2070 649 2098 a
671 2057 808 2100 Patre
830 2057 1047 2113 magistro
1071 2058 1336 2100 Polancho..
1348 2093 1356 2100 .
1390 2070 1457 2124 143
1484 2058 1590 2102 Sola
1606 2057 1748 2114 prima
1766 2064 1954 2100 tonsura

319 2129 418 2157 sum
437 2113 654 2157 initiatus.
682 2127 698 2158 Ι
708 2125 748 2169 5.
770 2116 1030 2172 Antequam
1049 2116 1374 2172 Ingolstadium
1393 2116 1610 2170 mitterer,
1630 2115 1813 2160 Laureti
1833 2114 1946 2158 fui...

323 2173 435 2226 Legi
457 2180 689 2228 praeterea
710 2174 875 2217 nostris
899 2175 1111 2218 fratribus
1133 2175 1419 2232 Despauterii
1437 2176 1774 2232 grammaticam
1794 2181 1839 2219 et
1855 2173 1951 2231 epi-

320 2233 458 2275 stolas
488 2232 721 2276 Ciceronis
747 2233 909 2289 viginti
942 2234 1117 2278 diebus.
1150 2235 1264 2292 Legi
1292 2242 1337 2278 et
1366 2235 1578 2279 Patribus
1605 2234 1747 2291 nostri
1774 2233 1953 2290 collegii

325 2291 567 2335 Lauretani
599 2307 624 2334 a
661 2306 815 2335 mense
853 2294 1069 2337 Octobris
1107 2309 1250 2349 usque
1279 2295 1335 2337 ad
1365 2294 1637 2338 dominicam
1669 2294 1715 2336 in
1743 2293 1957 2350 passione

323 2365 457 2394 casus
474 2351 769 2395 constientiae
786 2353 970 2395 alternis
985 2353 1160 2406 diebus,
1180 2354 1387 2396 docendo
1405 2361 1451 2398 et
1467 2354 1774 2398 conferendo..
1786 2351 1932 2410 .[Sclz‚
1938 2352 1952 2407 ]

328 2423 364 2453 1.
391 2412 435 2453 A
458 2417 675 2465 tempore,
711 2425 801 2466 quo
830 2411 1023 2466 primum
1052 2413 1373 2480 grammaticae
1402 2413 1582 2465 studui,
1613 2411 1969 2468 quatuordecim·

323 2468 428 2512 anni
452 2469 665 2512 transacti
687 2477 808 2513 sunt:
836 2479 1030 2525 quatuor
1056 2472 1102 2514 in
1130 2471 1288 2528 lingua
1315 2472 1475 2524 latina,
1507 2479 1700 2528 quatuor
1722 2471 1768 2514 in
1790 2471 1952 2514 artium

322 2528 573 2570 liberalium
591 2528 742 2572 studio
762 2544 886 2572 more
907 2531 1170 2586 hyspanico,
1196 2546 1248 2574 ac
1271 2531 1458 2575 totidem
1485 2531 1531 2574 in
1549 2531 1795 2588 theologia,
1815 2531 1951 2574 Com—

323 2587 599 2642 plutensium
631 2602 789 2632 more..
851 2587 1017 2649 [Magn]
1052 2604 1087 2634 1.
1131 2592 1257 2646 Lego
1295 2590 1553 2635 Aristotelis
1585 2590 1863 2634 dialecticam
1897 2589 1957 2648 [a]

326 2648 539 2701 paschate
572 2646 766 2708 Spiritus
801 2623 959 2692 Sancti
981 2650 1086 2693 anni
1115 2651 1248 2704 1562,
1274 2649 1410 2706 idque
1438 2649 1631 2705 publice,
1658 2650 1890 2716 privatim,
1909 2656 1958 2692 et

325 2706 500 2822 paullp
507 2713 609 2762 post
641 2702 844 2750 eamdem
873 2707 1049 2765 incoepi
1078 2716 1271 2765 quatuor
1301 2708 1513 2752 fratribus
1540 2709 1705 2752 nostris
1733 2708 1956 2764 interpre—

326 2773 409 2808 tar1
467 2766 484 2807 Ι
525 2775 607 2818 45
610 2766 683 2823 47]

420 2836 457 2866 1.
512 2825 680 2867 Alonso
696 2825 749 2867 de
766 2825 810 2867 la
830 2826 1046 2870 Cdmara.
1069 2839 1110 2870 2.
1131 2829 1202 2871 De
1219 2827 1382 2871 treinta
1398 2843 1428 2882 y
1444 2828 1526 2870 dos
1543 2834 1653 2870 anos
1668 2842 1698 2882 y
1720 2827 1884 2870 medio.
1910 2840 1953 2881 3.
2008 2845 2012 2849 ’

325 2884 395 2925 De
411 2883 455 2925 la
476 2883 707 2938 provincia
728 2884 785 2926 de
808 2885 1009 2937 Castilla‚
1030 2887 1103 2930 del
1120 2886 1261 2930 Villar
1282 2887 1355 2929 del
1381 2888 1481 2939 Rio,
1507 2886 1722 2941 obispado
1743 2887 1800 2929 de
1821 2886 1951 2929 Cala-

325 2942 474 2984 horra.
486 2976 513 2985 ..
542 2954 607 2997 14.
635 2944 704 2985 En
722 2944 879 2987 Alcala
896 2946 952 2987 de
967 2946 1174 2988 Henares
1191 2946 1307 2988 dexo
1324 2946 1551 2989 ordenado
1569 2946 1610 2988 el
1627 2947 1680 2988 P.
1701 2945 1847 2988 Nadal
1867 2959 1958 3000 que

324 3014 398 3044 me
420 3000 710 3054 recibiessen,
734 3017 765 3058 y
786 3017 843 3046 en
865 3002 1050 3047 iendose
1070 3019 1143 3048 me
1164 3004 1471 3048 recibieron...
1498 3005 1566 3048 16.
1587 3005 1656 3047 En
1678 3006 1832 3059 Marco
1847 3006 1957 3049 hara

2031 0 2061 19 »ν
2110 0 2196 28 :sse-ei

2110 29 2129 44 *a
2175 27 2196 51 «ᾗ»
