2196 3522
299 286 344 321 88
867 280 911 315 Ρ
939 280 1128 315 NATA-ms
1155 279 1374 315 EPHEMER.

296 386 402 442 legij
426 392 472 429 et
493 383 631 440 aliqui
652 381 826 427 reditus
854 380 1009 437 empti.
1042 381 1247 424 Alteram
1275 395 1403 437 spem
1431 381 1581 426 alebat
1607 379 1808 425 marchio
1839 379 1941 424 Vil-

296 464 441 507 lenae.
467 459 679 513 Visitaui,
708 465 797 503 etc.
831 457 1010 502 Placuit
1037 458 1159 514 quod
1187 456 1445 501 instituerat
1471 457 1736 511 Siuillanus,
1760 463 1811 500 vt
1832 471 1937 514 por-

299 539 504 583 tionistas
525 538 715 582 haberet
735 536 783 579 in
804 534 1007 592 proxima
1028 535 1167 578 domo
1190 536 1405 578 sacerdos
1426 534 1609 591 quidam
1632 534 1734 591 pius
1754 541 1801 579 et
1821 533 1936 579 ami-

295 631 395 671 cus,
419 615 497 671 qui
518 629 568 658 se
589 613 869 671 permitteret
892 627 918 655 a
938 619 1115 657 rectore
1131 612 1380 669 gubernari
1406 614 1434 655 ¹.

386 770 490 813 1⁷⁷
941 780 1214 819 CUENCHAE,
1242 769 1303 810 2.⁰

390 924 480 968 Hic
507 923 584 981 egi
612 938 717 967 cum
744 925 803 967 D.
838 924 1043 979 Vergara
1072 922 1130 965 de
1157 921 1307 965 edicto
1342 921 1470 979 regio
1492 930 1554 975 et,
1585 929 1694 965 etc.:
1730 920 1940 978 probauit

300 1017 453 1047 meum
474 1000 728 1045 consilium.
755 1001 863 1044 Non
879 998 1006 1056 potui
1027 999 1090 1042 illi
1112 999 1374 1043 satisfacere
1395 999 1443 1042 in
1458 998 1706 1056 suffragijs,
1724 1004 1843 1055 quae
1857 1012 1940 1056 pe-

304 1080 427 1123 tebat
445 1085 493 1121 vt
511 1078 740 1132 fundator,
757 1078 883 1133 quod
898 1083 1055 1134 postea
1073 1076 1162 1121 feci
1183 1076 1429 1133 Compluti.
1451 1078 1622 1120 Actum
1638 1082 1709 1120 est
1729 1076 1787 1120 de
1806 1090 1939 1133 prae-

302 1155 615 1200 stimoniorum
637 1153 953 1211 applicatione.
975 1153 1205 1210 Scriptum
1222 1160 1292 1198 est
1315 1155 1372 1197 ad
1394 1155 1567 1198 vrbem.
1588 1153 1736 1198 Diuisi
1756 1160 1939 1197 nostros

303 1234 361 1276 ab
383 1232 482 1276 eius
508 1231 803 1275 habitatione.
837 1231 924 1288 Egi
956 1245 1072 1287 quae
1100 1239 1230 1276 erant
1256 1231 1438 1275 residua
1465 1232 1523 1276 de
1546 1230 1812 1276 fundatione
1832 1244 1937 1275 cum

303 1308 551 1354 Marchina:
581 1307 590 1367 Ι
617 1308 790 1353 deloco
805 1315 852 1352 et
867 1307 1042 1352 ratione
1059 1308 1248 1365 aedificij
1268 1308 1446 1365 collegij
1465 1315 1511 1352 et
1528 1307 1622 1361 lite,
1634 1322 1770 1364 quam
1785 1307 1938 1352 inten—

301 1387 430 1431 derat
451 1385 682 1440 Marianus
703 1384 902 1442 quidam.
923 1384 1008 1428 Fui
1030 1391 1249 1428 euocatus
1272 1399 1375 1428 cum
1399 1385 1703 1439 festinatione,
1723 1386 1846 1441 quod
1867 1384 1938 1428 di—

302 1463 523 1507 cebantur
545 1476 711 1519 vrgere
732 1468 954 1518 satrapae.

395 1617 506 1660 1⁷8
951 1630 1213 1669 COMPLUTI,
1239 1619 1302 1670 4.⁰

395 1772 600 1816 Aderant
621 1770 922 1828 prouinciales
943 1778 989 1816 et
1010 1771 1082 1827 alij
1115 1773 1290 1815 Patres:
1327 1786 1419 1815 non
1442 1779 1630 1817 venerat
1658 1773 1939 1817 Valdaraua-

306 1862 407 1905 nus.
433 1849 539 1892 Non
564 1847 713 1891 visum
739 1854 810 1891 est
830 1848 1075 1892 mutandus
1098 1849 1335 1893 Cordeses.
1358 1848 1536 1894 Mutaui
1554 1849 1935 1903 Bustamantium,

306 1923 564 1968 renuntiaui
588 1924 787 1980 Placam,
813 1924 1176 1968 Bustamantium
1199 1940 1357 1970 verum
1379 1926 1828 1982 superintendentem
1844 1927 1938 1971 col-

306 2001 412 2058 legij
441 2000 731 2057 hispalensis:
761 2000 839 2058 egi
865 2001 922 2046 de
948 2001 1086 2045 rebus
1114 2001 1292 2045 illarum
1320 2001 1676 2058 prouinciarum:
1709 2002 1938 2060 respondi:

304 2077 410 2122 dedi
429 2077 670 2121 iudicanda
690 2084 736 2121 et
757 2077 1110 2134 prouincialibus
1132 2085 1177 2123 et
1199 2078 1396 2123 Araozio
1413 2086 1459 2122 et
1476 2079 1805 2133 Bustamantio‚
1825 2094 1944 2136 quae
2002 2108 2004 2110 ·

307 2155 353 2197 in
375 2153 658 2211 Portugallia
683 2153 692 2212 Ι
718 2155 1039 2211 responderam
1062 2156 1094 2198 ¹.

397 2232 708 2275 Euocaueram
729 2245 787 2274 ex
810 2231 1092 2288 Portugallia
1119 2233 1173 2275 P.
1204 2232 1454 2287 Godinum,
1478 2247 1558 2289 per
1586 2248 1721 2289 quem
1750 2234 1944 2278 facerem

310 2310 363 2354 Ρ.
397 2309 601 2363 Laynem
627 2307 865 2353 certiorem
899 2308 957 2352 de
983 2323 1135 2353 rerum
1169 2315 1427 2352 nostrarum
1455 2309 1532 2353 illo
1561 2309 1764 2365 turbine;
1794 2325 1945 2367 neque

306 2383 427 2427 enim
443 2384 630 2428 fiderem
643 2383 774 2428 aliter
790 2390 889 2427 tuto
906 2384 1059 2428 literas
1076 2385 1270 2430 mittere.
1289 2387 1422 2442 Quae
1440 2401 1532 2430 non
1548 2387 1732 2444 proprie
1748 2388 1805 2431 ad
1821 2387 1943 2431 illam

307 2460 589 2517 prouinciam
611 2459 882 2513 attinebant,
908 2475 1064 2505 eorum
1081 2461 1185 2505 dedi
1207 2461 1561 2518 prouincialibus
1577 2465 1850 2521 exemplum.

397 2536 568 2594 Scripsi
600 2550 865 2581 communes
906 2537 1058 2582 literas
1091 2539 1148 2581 ad
1179 2538 1386 2595 collegia.
1419 2541 1487 2583 Ita
1519 2539 1667 2584 dimisi
1701 2542 1816 2585 duos
1844 2541 1944 2585 illos

308 2612 624 2670 prouinciales,
643 2626 701 2657 ex
717 2612 881 2670 quibus
898 2614 1054 2657 audiui
1070 2614 1180 2671 quid
1195 2613 1283 2675 [de]
1299 2616 1398 2672 alijs
1413 2617 1767 2673 prouincialibus
1783 2631 1945 2662 crean—
1966 2632 1972 2637 ⁸

307 2690 378 2733 dis
401 2697 447 2735 et
469 2686 779 2734 commissario
801 2689 1069 2751 iudicarent.

397 2769 572 2811 Rursus
593 2766 733 2821 volui,
757 2766 934 2810 etiamsi
954 2782 1211 2825 repugnare
1239 2770 1470 2815 videretur
1499 2771 1739 2825 Araozius,
1763 2771 1948 2816 visitare

308 2843 503 2900 collegia
520 2843 746 2907 Castellae
767 2843 949 2887 veteris.
968 2845 1092 2888 Duxi
1114 2860 1292 2890 mecum
1311 2849 1363 2890 P.
1387 2848 1594 2901 Suarem,
1614 2863 1750 2904 quem
1768 2847 1947 2905 cogita-

307 2921 413 2963 bam
437 2918 700 2963 renuntiare
722 2919 1068 2976 prouincialem,
1094 2929 1181 2966 etc.

382 3026 394 3046 ¹
446 3025 707 3072 SAccmNus,
726 3027 801 3062 loe.
821 3026 906 3073 cit.‚
926 3040 963 3062 n.
984 3038 1043 3072 49.

380 3086 395 3106 ²
447 3083 709 3132 SACCHINUS,
728 3085 804 3120 loe.
830 3085 923 3132 cit.‚
942 3098 979 3121 n.
1002 3095 1058 3131 5ο,
