2196 3522
319 248 389 287 594
935 241 1077 278 Eme-r.
1110 242 1157 277 P.
1190 241 1341 279 NADAL

409 341 652 396 Inscriptio
688 342 739 384 in
776 345 943 398 quarta
973 343 1180 400 pagina:
1225 335 1303 386 Al¹
1329 344 1449 387 Rdo.
1488 343 1535 387 in
1571 344 1755 388 Christo
1785 345 1946 398 Padre,
1996 346 2016 366 “

319 403 440 503 lgr}
466 402 637 457 Jacopo
660 400 840 453 LaineS,
868 403 983 446 Mro.
1020 402 1232 459 generale
1253 402 1370 447 della
1391 403 1673 461 Compagnia
1694 404 1766 450 del
1787 404 1945 451 Giesu.

421 474 537 503 oma.
1198 474 1206 481 ·

1078 611 1119 654 V
1152 611 1193 667 (a

690 702 834 742 OTTO
861 679 1168 742 TRUCHsEss
1195 678 1265 741 DE
1292 705 1601 745 WALDBURG

901 781 1109 818 cardinalis
1135 786 1377 829 augustanus

855 874 997 904 PATRI
1030 873 1212 914 JACOBO
1243 874 1418 906 LAINEZ

744 963 748 967 ·
792 948 1019 1006 Dilingae,
1046 962 1102 1007 29
1125 949 1275 994 Martii
1304 960 1413 1008 1559
1442 952 1471 994 ¹.

323 1037 626 1074 Concionatoris
665 1039 708 1074 in
747 1039 909 1074 ecclesia
941 1038 1166 1074 cathedrali
1204 1042 1438 1087 augustana
1477 1039 1654 1088 officium
1699 1042 1752 1077 Β.
1795 1041 1959 1078 Canisio

391 1098 636 1134 demandari
649 1099 790 1146 poscit:
812 1098 1020 1134 Societatis
1045 1102 1208 1146 operam
1232 1099 1276 1134 in
1299 1099 1375 1135 illa
1399 1100 1560 1136 civitate
1575 1094 1852 1149 fructiferam
1863 1102 1959 1151 fore

392 1158 611 1193 existimas.

411 1236 552 1279 Molto
575 1236 694 1280 Rdo.
727 1236 773 1279 in
796 1237 1000 1289 Christo,
1027 1251 1153 1280 come
1185 1238 1376 1282 fratello.
1410 1238 1552 1282 Molto
1580 1246 1729 1296 tempo
1755 1241 1815 1283 ho
1836 1239 1957 1284 desi-

322 1295 478 1339 derato
502 1296 583 1338 far’
609 1296 804 1351 qualche
834 1296 1185 1340 demostratione
1216 1311 1346 1340 uerso
1375 1298 1418 1341 la
1446 1298 1731 1355 Compagnia
1758 1300 1832 1344 del
1847 1301 1958 1358 Jesu

323 1355 368 1396 di
397 1355 573 1411 erigere
602 1357 678 1398 un’
710 1356 927 1412 collegio,
959 1371 1098 1400 ouero
1127 1357 1207 1400 far’
1242 1357 1433 1413 qualche
1461 1358 1574 1401 altra
1601 1373 1758 1415 opera3
1783 1374 1857 1403 ma
1879 1374 1958 1416 per
2028 1355 2030 1357 ¹

326 1413 436 1470 uarij
461 1414 653 1458 disturbi
675 1429 767 1458 non
789 1417 847 1458 ho
875 1415 964 1458 mai
991 1422 1150 1472 potuto
1178 1417 1378 1460 mandar'
1409 1418 1466 1460 ad
1489 1417 1757 1464 executione
1778 1433 1867 1463 con
1888 1419 1957 1462 ef-

326 1474 436 1516 fetto
458 1480 621 1528 questo
648 1475 736 1518 mio
764 1474 998 1518 desiderio.
1030 1478 1104 1519 Ma
1133 1490 1211 1532 per
1240 1491 1331 1519 non
1358 1477 1534 1533 perder'
1568 1484 1720 1534 tempo
1749 1477 1795 1521 in
1819 1485 1954 1532 tutto,

324 1534 383 1575 ho
408 1534 562 1576 uoluto
592 1548 840 1590 proponere
868 1537 977 1578 hora
1006 1549 1031 1578 a
1062 1536 1123 1579 V.
1164 1538 1219 1578 Ρ.
1260 1550 1350 1579 una
1378 1536 1650 1581 commodita
1678 1539 1763 1582 che
1785 1537 1830 1581 di
1852 1553 1954 1595 pre-

325 1599 452 1636 sente
474 1592 535 1635 mi
557 1592 595 1635 si
617 1593 822 1638 offerisce
844 1609 924 1650 per
943 1595 987 1638 la
1014 1593 1123 1638 citta
1143 1594 1188 1637 di
1210 1595 1440 1652 Augusta,
1465 1602 1511 1639 et
1532 1597 1558 1639 e
1575 1604 1750 1652 questa.
1776 1599 1956 1642 Vacan-

325 1653 399 1704 do,
420 1666 500 1708 per
516 1659 658 1696 morte
679 1653 724 1695 di
750 1655 823 1696 un’
849 1654 1028 1697 valente
1051 1655 1285 1711 theologo,
1310 1655 1352 1698 la
1373 1655 1658 1711 predicatura
1675 1657 1792 1702 della
1808 1657 1961 1702 chiesa

326 1712 582 1755 cathedrale
603 1712 648 1755 di
671 1713 905 1769 Augusta,
937 1713 1183 1770 il'capitolo
1206 1715 1345 1758 molto
1365 1715 1571 1760 desidera
1592 1715 1637 1759 di
1660 1716 1855 1761 seruirse
1877 1732 1957 1774 per

326 1771 475 1826 quella
497 1772 540 1814 d’
565 1785 627 1814 un
652 1772 798 1816 Padre
819 1773 935 1816 della
956 1772 1261 1831 Compagnia,
1291 1780 1335 1817 et
1365 1774 1515 1831 percio
1543 1790 1637 1819 non
1659 1777 1908 1821 solamente
1928 1778 1954 1821 e

326 1831 530 1874 bramato
563 1831 637 1874 dal
669 1831 886 1888 capitolo,
917 1847 990 1876 ma
1025 1833 1082 1876 da
1113 1848 1185 1877 me
1221 1833 1632 1889 particularmente,
1664 1836 1721 1879 da
1748 1835 1779 1879 li
1800 1835 1955 1889 nobili,

327 1890 432 1933 dalli
453 1889 617 1950 patritij
643 1897 689 1935 et
709 1891 914 1948 populari
937 1891 967 1934 il
991 1894 1046 1936 P.
1080 1892 1284 1946 Canisio,
1311 1894 1444 1950 quale
1465 1893 1511 1937 in
1540 1901 1700 1950 questa
1721 1895 1960 1941 settimana

327 1956 457 1993 santa
479 1964 565 1993 con
587 1949 889 2007 grandissmo
912 1965 1131 1996 concorso
1153 1958 1198 1997 et
1221 1952 1455 1997 incredibil
1477 1955 1617 1997 frutto
1645 1956 1703 1998 ha
1730 1954 1960 2011 predicato
2023 1997 2026 2000 .

328 2024 354 2052 a
378 2008 469 2053 mia
490 2009 720 2063 instantia,
746 2017 792 2054 et
815 2012 872 2054 ha
894 2011 1059 2056 lassato
1082 2018 1207 2055 tanto
1228 2012 1451 2057 desiderio
1472 2013 1517 2056 di
1540 2027 1589 2057 se
1616 2028 1642 2057 a
1665 2013 1770 2057 tutti
1791 2015 1866 2058 noi
1894 2015 1951 2059 al-

331 2068 404 2122 tri,
430 2070 515 2114 che
537 2083 629 2112 non
651 2084 785 2126 posso
807 2085 1018 2115 mancare
1045 2070 1090 2114 di
1118 2071 1337 2117 ricercare
1365 2073 1757 2118 affettuosamente
1779 2089 1806 2118 a
1827 2089 1962 2124 nome

331 2127 376 2171 di
401 2127 507 2171 tutti
530 2130 591 2173 V.
626 2130 699 2182 P.,
725 2128 770 2172 di
799 2131 939 2175 uoler'
970 2131 1194 2174 consolar’
1224 2131 1254 2174 li
1274 2131 1490 2188 {catholici
1517 2132 1564 2175 in
1591 2133 1634 2176 la
1661 2133 1769 2178 citta
1790 2134 1834 2177 d’
1859 2135 1961 2179 Au-

260 2207 263 2210 *
332 2194 486 2245 gusta,
518 2189 807 2233 comettendo
835 2190 876 2233 al
904 2189 1019 2233 ditto
1057 2192 1113 2234 P.
1157 2190 1340 2235 Canisio
1375 2193 1460 2236 che
1491 2191 1653 2235 accetti
1683 2192 1715 2236 il
1741 2193 1889 2238 carico
1915 2192 1961 2237 di

334 2254 495 2304 questa
517 2247 817 2304 predicatura.
851 2252 939 2294 Per
965 2250 1008 2293 la
1036 2250 1169 2305 quale
1197 2250 1227 2293 il
1254 2250 1447 2307 capitolo
1475 2254 1719 2309 assegnara
1749 2267 1838 2296 una
1858 2267 1962 2297 casa

333 2320 516 2363 capace,
542 2322 633 2351 non
657 2308 907 2353 solamente
928 2309 972 2352 di
1002 2324 1103 2354 esso
1131 2311 1183 2353 P.
1214 2310 1418 2365 Canisio,
1453 2325 1525 2354 ma
1553 2325 1717 2356 ancora
1744 2312 1790 2356 di
1812 2312 1962 2357 alcuni

331 2365 433 2409 altri
443 2363 696 2424 'compagni
708 2402 716 2410 .

420 2426 551 2471 Oltre
572 2426 618 2469 di
641 2433 818 2483 questo,
844 2427 887 2470 io
909 2434 953 2472 et
976 2427 1006 2470 il
1027 2428 1222 2485 capitolo
1243 2429 1273 2472 li
1299 2444 1619 2486 assegnaremo
1646 2438 1770 2475 certa
1790 2447 1962 2476 somma

331 2484 376 2527 di
399 2485 570 2538 denari,
597 2486 727 2542 grani
749 2493 794 2530 et
815 2487 951 2543 legna
972 2502 1053 2543 per
1074 2488 1402 2533 sustentatione
1423 2504 1521 2544 sua,
1547 2497 1593 2534 et
1614 2489 1660 2533 di
1680 2491 1773 2535 fino
1794 2506 1820 2535 a
1841 2505 1869 2547 4
1890 2496 1918 2536 ὁ
1937 2502 1960 2547 5

332 2558 539 2600 persone,
565 2560 701 2589 senza
723 2545 940 2590 ricercare
962 2548 1019 2590 da
1041 2546 1103 2590 lui
1125 2555 1248 2591 certa
1269 2548 1545 2605 obligatione
1572 2564 1711 2594 ouero
1737 2558 1963 2596 contratto

331 2603 376 2646 di
398 2618 635 2657 consenso,
662 2607 746 2649 che
768 2607 949 2660 quando
971 2607 1220 2657 occorrisse
1241 2609 1282 2651 al
1304 2608 1429 2652 detto
1453 2611 1509 2652 Ρ.
1543 2609 1726 2653 Canisio
1747 2625 1826 2666 per
1850 2612 1961 2656 obe‹

277 2664 283 2674 ¹
331 2662 500 2707 dientia
521 2664 566 2706 di
588 2667 648 2708 V.
683 2667 739 2708 P.
771 2664 817 2707 di
839 2667 1005 2710 andare
1026 2666 1073 2709 in
1095 2667 1208 2710 altra
1228 2674 1376 2723 parte,
1408 2675 1588 2724 potesse
1615 2669 1847 2715 sustituire
1870 2685 1961 2714 uno

331 2723 447 2767 della
469 2723 752 2781 Compagnia
774 2724 820 2767 in
842 2726 940 2768 loco
963 2741 1064 2769 suo.
1655 2761 1662 2769 .

421 2784 496 2826 Ma
518 2798 598 2839 per
619 2783 649 2826 il
671 2783 888 2840 principio
911 2785 956 2827 in
979 2785 1087 2842 ogni
1110 2786 1244 2828 modo
1265 2786 1381 2830 saria
1402 2787 1656 2832 necessario
1678 2789 1762 2832 che
1784 2789 1876 2846 egli
1899 2790 1961 2833 fa·

331 2855 458 2886 cesse
481 2857 563 2886 sua
585 2843 827 2888 residentia
848 2846 1083 2900 personale
1104 2844 1151 2887 in
1173 2846 1403 2902 Augusta,
1428 2848 1659 2891 mettendo
1680 2847 1725 2891 in
1753 2862 1963 2905 possesso

405 2986 414 3006 ¹
466 2985 523 3019 Ex
542 2986 767 3033 archetypo,
787 2986 827 3023 in
849 2986 948 3023 Cod.
975 2989 1035 3033 38,
1055 2988 1198 3035 triplici
1215 2988 1307 3035 fol„
1327 2997 1373 3034 50
1387 2989 1593 3035 (732-735).
1613 2990 1714 3028 Vide
1733 3002 1851 3043 pagg.
1876 2990 1963 3042 430,

329 3029 394 3076 431
416 3037 456 3067 et
472 3032 555 3078 4663
577 3038 616 3079 eg
634 3035 988 3081 BRAUNSBERGER‚
1008 3037 1083 3074 loc.
1109 3036 1200 3082 cit.,
1219 3037 1256 3073 ΙΙ
1276 3043 1314 3074 et
1333 3037 1404 3083 ΙΙΙ,
1423 3038 1581 3087 passim.
1824 3040 1831 3044 '

1852 7 1866 19 .-
1875 0 2042 35 wffflwxq-qssn
2093 0 2096 3 ·

2152 99 2196 231 „3

2193 234 2196 248 1

2146 302 2150 306 ·
2183 293 2196 335 4]

2137 350 2141 354 ’
2183 350 2196 383 ⁴.

2171 393 2196 415 ⁴1
