2196 3522
348 275 397 312 74
916 262 960 297 P.
988 261 1176 297 Nimius
1201 261 1421 297 EPHEMER.

351 365 696 418 hortationibus,
727 377 844 420 quae
870 377 962 406 non
990 361 1278 407 mediocriter
1305 361 1480 406 animos
1508 362 1697 405 fratrum
1725 360 1983 407 excitabant

350 444 440 502 [ad]
462 443 677 500 pietatem
702 443 726 484 ¹.

441 518 627 564 Etiamsi
654 532 747 562 non
774 517 1016 560 admodum
1048 530 1122 561 me
1155 515 1370 560 mouebat
1400 515 1596 559 defectio
1623 515 1882 568 Andradae,
1917 521 1982 558 ta-

351 612 472 650 men,
517 596 639 652 quod
669 593 980 651 intelligebam
1012 599 1195 651 gratum
1227 593 1323 638 fore
1363 592 1534 647 multis,
1567 592 1809 650 diligenter
1843 591 1982 636 misso

354 677 406 718 P.
449 673 670 717 Michaele
685 672 875 724 Gomez,
894 669 1021 714 illum
1053 669 1211 714 curaui
1241 669 1424 726 inquiri,
1464 677 1525 723 et,
1561 669 1781 727 promissa
1806 668 1813 728 Ι
1841 669 1978 715 errati

353 749 596 803 obliuione,
621 748 792 794 reduci.
827 747 1121 793 Satisfactum
1150 746 1332 804 quidem
1361 749 1446 791 hac
1479 745 1717 804 diligentia
1745 747 1980 802 fratribuS,

351 828 430 871 illa
451 835 602 871 tamen
624 841 717 870 non
737 832 808 869 est
829 831 1051 882 repertus.

442 906 513 949 Ne
541 903 678 947 abitio
713 903 956 946 Andradae
987 902 1341 958 Vlisyponenses
1375 902 1559 946 turbare
1589 907 1758 958 posset,
1782 900 1875 944 dixi
1897 900 1984 946 Mi-

355 981 455 1026 roni
482 990 532 1024 vt
559 980 776 1024 scriberet
803 979 970 1032 literas,
1002 978 1168 1035 quibus
1200 978 1479 1036 significaret
1510 984 1710 1034 quantus
1741 985 1862 1022 esset
1889 978 1986 1021 fru-

352 1067 457 1103 ctus
485 1057 678 1114 collegio
709 1057 872 1100 allatus
898 1056 984 1100 illis·
1006 1056 1163 1113 paucis
1183 1056 1359 1110 diebus3
1386 1063 1562 1099 tantum
1585 1064 1737 1101 tamen
1770 1055 1915 1100 abfuit
1936 1062 1987 1098 vt

354 1138 536 1180 obesset
572 1136 587 1156 ²
631 1134 791 1178 animis
832 1135 1021 1177 fratrum
1061 1133 1137 1177 illa
1179 1134 1305 1191 fuga,
1350 1141 1400 1177 vt
1440 1133 1546 1177 inde
1588 1132 1767 1177 occasio
1803 1132 1986 1177 maioris

356 1211 715 1257 confirmationis
735 1210 793 1254 sit
814 1218 1013 1267 accepta.

449 1290 684 1334 Habebam
722 1289 981 1345 frequentes
1018 1287 1372 1341 exhortationes,
1418 1294 1467 1331 vt
1503 1287 1662 1331 nullibi
1687 1288 1842 1345 plures
1869 1288 1987 1331 143

358 1366 611 1412 habuerim.
633 1378 689 1409 20
711 1365 764 1423 (si
780 1372 902 1410 recte
920 1366 1067 1421 teneo)
1085 1366 1288 1420 fuerunt,
1309 1366 1434 1422 quod
1452 1380 1545 1423 non
1576 1365 1662 1408 fuit
1689 1365 1798 1408 mihi
1825 1379 1984 1422 graue:

363 1445 474 1487 illud
496 1443 596 1498 fuit,
621 1443 743 1499 quod
764 1442 931 1486 fuerint
958 1442 1069 1485 mihi
1090 1449 1181 1486 tam
1208 1443 1351 1486 multa
1371 1449 1417 1486 et
1443 1442 1567 1487 varia
1593 1442 1821 1499 proposita
1840 1456 1990 1499 nego-

362 1521 447 1574 cia,
473 1519 794 1572 dubitationes,
814 1519 1103 1575 djficultates,
1128 1519 1294 1575 quibus
1314 1533 1552 1563 necessum
1575 1519 1661 1562 fuit
1682 1519 1893 1563 omnibus
1917 1532 1990 1562 re-

363 1598 601 1654 spondere:
628 1603 674 1641 et
695 1596 887 1653 primum
909 1595 1089 1652 quidem
1112 1597 1169 1641 de
1191 1596 1410 1654 negociis,
1435 1611 1553 1653 quae
1579 1597 1862 1654 proponebat
1884 1610 1989 1653 pro-

363 1681 544 1718 curator
572 1673 842 1717 Franciscus
876 1672 1114 1727 Henrices,
1145 1680 1298 1717 aetum
1333 1680 1418 1728 est,
1456 1681 1502 1719 et
1533 1673 1747 1718 remissus
1775 1672 1990 1730 Vlysipo-

366 1766 469 1795 nam
492 1751 566 1794 ille
589 1752 725 1794 Pater
747 1751 779 1793 ⁵.

454 1827 543 1871 Hic
558 1826 668 1870 mihi
691 1826 854 1883 obtigit
871 1828 995 1883 quod
1011 1842 1102 1871 non
1118 1827 1298 1873 videtur
1315 1828 1629 1874 omittendum.
1643 1828 1861 1873 Solebant
1877 1841 1989 1871 con-

365 1904 514 1960 siliarij
539 1903 602 1947 ita
623 1918 759 1960 agere
786 1903 793 1962 Ι
820 1904 867 1947 in
883 1904 1230 1948 consultatione:
1250 1913 1300 1948 vt
1318 1906 1411 1950 fere
1428 1905 1597 1962 singuli
1613 1904 1726 1948 nihil
1739 1904 1878 1958 aliud,
1902 1905 1990 1948 du—

365 1982 453 2037 bijs
484 1980 677 2034 iniectis,
708 1995 802 2024 rem
832 1981 847 2002 *
876 1982 1076 2026 facerent
1103 1981 1411 2027 obscuriorem
1438 1989 1484 2026 et
1504 1982 1651 2039 magis
1681 1981 1917 2035 incertam,
1941 1987 1992 2024 vt

367 2059 499 2115 plane
532 2072 620 2101 non
657 2064 809 2114 posset
837 2064 1044 2101 constare
1071 2058 1477 2114 superintendenti.
1511 2060 1616 2102 Hoc
1650 2072 1807 2114 quum,
1838 2056 1994 2101 habita

365 2133 489 2194 [una]
506 2141 585 2177 aut
601 2135 742 2178 altera
758 2133 1106 2187 consultatione,
1127 2134 1236 2177 mihi
1253 2135 1536 2192 contigisset,
1547 2135 1830 2179 confidenter
1845 2133 1992 2178 omni—

366 2213 455 2254 bus
476 2210 812 2254 consultoribus
832 2208 956 2268 [dixi]
979 2217 1028 2253 vt
1051 2210 1243 2264 abirent,
1269 2218 1473 2256 maneret
1489 2211 1638 2255 Miron
1653 2217 1698 2254 et
1726 2218 1890 2264 rector,
1915 2210 1994 2267 qui

367 2287 476 2331 mihi
493 2294 795 2343 proponerent
816 2302 888 2331 res
909 2301 1030 2330 suas:
1051 2302 1139 2340 me,
1159 2287 1246 2331 illis
1267 2288 1505 2342 consultis,
1527 2287 1726 2332 breuiter
1747 2302 1994 2344 responsu-

368 2378 483 2407 rum.
510 2365 648 2420 Quod
684 2363 794 2406 mihi
824 2370 870 2408 et
907 2363 992 2406 fuit
1028 2363 1349 2417 necessarium,
1389 2372 1435 2407 et
1470 2365 1588 2409 bene
1624 2364 1775 2418 cessit;
1802 2364 1990 2421 alioqui,

366 2455 507 2496 quum
523 2440 599 2483 illo
616 2439 808 2497 collegio
827 2439 987 2483 fuerim
1005 2452 1030 2482 2
1053 2454 1248 2493 menses,
1270 2455 1362 2483 non
1382 2440 1575 2484 fuissent
1596 2440 1706 2484 satis
1730 2441 1844 2485 144
1869 2448 1988 2485 octo.

368 2519 425 2560 Et
447 2524 600 2562 tamen
628 2531 745 2573 quae
779 2517 1099 2573 responderam
1135 2517 1349 2561 curabam
1386 2517 1589 2562 exhiberi
1621 2517 1863 2562 iudicanda
1894 2518 1993 2575 alijs

367 2593 649 2650 consiliarijs,
696 2600 743 2638 et
769 2593 1021 2646 mutabam,
1054 2593 1092 2636 si
1121 2593 1230 2649 quid
1270 2595 1387 2638 bene
1415 2594 1688 2639 videbantur
1732 2595 1988 2640 admonere.

366 2672 468 2714 Hac
503 2671 717 2715 methodo
754 2669 880 2714 euasi
915 2670 1115 2713 dudidas
1141 2671 1518 2728 portugallenses:
1544 2670 1608 2714 ita
1643 2671 1729 2729 ipsi
1767 2672 1997 2729 appellant

367 2747 676 2792 dubitationes
699 2748 731 2790 ⁵.

440 2832 451 2852 ¹
502 2829 760 2874 SAccmNth,
775 2830 853 2865 loc.
877 2829 969 2874 cit.‚
984 2841 1023 2864 n.
1047 2838 1103 2876 19.

438 2891 452 2910 ²
504 2889 594 2935 Ms.,
613 2888 818 2924 obedesset.

433 2946 450 2966 ³
500 2946 759 2991 SACCfflNUS,
779 2947 858 2983 loc.
881 2947 966 2994 cit.‚
985 2959 1051 2983 nn.
1075 2956 1132 2994 14,
1154 2956 1210 2992 15.

438 3007 454 3027 ¹²
503 3006 593 3052 Ms.,
618 3017 695 3042 res,

438 3065 454 3085 ⁵
504 3064 760 3110 SAccmNth,
780 3066 855 3102 loc.
871 3067 955 3114 cit.‚
974 3068 1043 3108 lib.
1061 3077 1102 3113 v,
1122 3081 1160 3104 n.
1184 3077 1241 3114 14.
