2196 3522
970 303 1015 331 22
1039 295 1156 342 Jtmn
1183 292 1274 340 1563
1874 289 1942 326 311

308 381 443 424 turba
463 380 508 424 13
528 379 623 424 aria
648 380 658 401 ¹
683 393 767 423 son
794 386 918 423 estos
944 393 1113 436 negros
1141 384 1389 423 sectatores
1415 377 1490 422 del
1510 375 1703 420 concilio
1731 373 1946 420 basilien-

306 472 356 502 se
377 458 411 511 ’;
436 471 547 514 pero
574 455 686 500 Dios
712 457 927 513 ayudara.
960 457 1032 501 De
1059 457 1240 512 Espafia
1268 469 1328 499 no
1356 461 1561 499 tenemos
1587 454 1724 498 letras
1751 453 1950 508 despues

307 549 398 592 que
418 533 598 579 escriui.
623 534 785 590 Queda
809 548 899 590 que
920 534 979 578 N.
1008 535 1061 577 P.
1092 548 1123 590 y
1151 533 1283 577 todos
1313 546 1398 576 nos
1429 531 1827 583 encomendamos,
1858 535 1947 575 ete.

307 613 379 658 De
401 613 588 664 Tremo,
619 621 669 666 15
692 611 750 656 de
765 610 904 670 Junio
931 611 1058 666 1563.

398 690 441 733 6.
506 690 634 745 Ayer
655 687 884 746 partieron
905 689 962 732 de
983 691 1089 744 aqui
1114 701 1139 743 3
1161 687 1449 743 coadjutores
1470 700 1560 742 que
1582 700 1672 729 van
1694 689 1721 728 3
1748 683 1945 736 Vienna,

307 767 379 811 sin
400 773 500 810 otro
522 781 613 822 que
634 781 683 810 se
704 767 820 811 dexa
841 769 869 809 3
889 760 1163 822 disposicion
1185 765 1259 808 del
1283 765 1335 808 P.
1358 762 1559 816 Canisio,
1585 762 1624 806 si
1643 763 1687 807 le
1704 761 1859 817 quiere
1877 768 1945 804 te-

307 858 390 888 ner
422 859 478 889 en
512 858 568 888 su
594 842 845 900 prouincia,
873 857 905 900 y
939 857 1002 886 un
1029 850 1129 886 otro
1165 841 1360 885 llamado
1390 841 1631 885 Tbeodoro
1666 837 1945 890 coloniense,

309 935 398 978 que
419 936 470 967 se
490 921 672 965 embian
693 924 720 964 3
746 919 952 964 Colonia.
979 919 1052 963 No
1073 932 1179 964 creo
1199 919 1242 962 le
1264 931 1464 962 conozca
1485 918 1544 961 V.
1577 917 1653 969 R.,
1688 929 1777 971 que
1803 929 1866 958 no
1897 929 1950 959 es

307 999 351 1043 el
372 1013 462 1056 que
484 997 592 1042 uino
613 1004 710 1042 este
731 1003 820 1040 3ῆο
840 997 1010 1054 pasado
1029 996 1087 1040 de
1114 996 1216 1039 3113.
1242 994 1294 1041 Si
1321 1009 1372 1040 se
1398 993 1619 1039 ofreciese
1647 1007 1738 1049 que
1764 992 1831 1035 los
1858 1005 1948 1047 que

309 1090 359 1121 se
380 1076 561 1119 embian
582 1079 609 1119 a
625 1076 827 1119 Treuere
847 1072 1038 1117 uuiesen
1059 1074 1116 1117 de
1138 1072 1278 1130 partir
1298 1073 1342 1117 al
1363 1085 1536 1117 mesmo
1559 1070 1728 1127 tiempo
1746 1082 1835 1125 que
1850 1074 1949 1112 este

308 1152 453 1209 liegar
472 1166 558 1209 por
578 1151 665 1196 3113
685 1151 728 1195 el
749 1151 782 1204 ⁸,
807 1165 858 1196 se
877 1149 992 1195 irIan
1006 1149 1184 1207 juntos;
1209 1163 1319 1207 pero
1340 1156 1439 1194 esto
1461 1162 1522 1192 no
1541 1147 1738 1204 importa
1755 1146 1940 1189 mucho.

310 1243 370 1272 xv
392 1229 450 1274 de
472 1228 612 1287 Junio
639 1228 766 1284 1563.

1067 1393 1196 1434 9286

786 1497 830 1533 Ρ.
858 1495 1098 1544 JOANNES
1124 1496 1195 1531 DE
1219 1492 1472 1533 POLANCO

954 1590 1004 1615 ex
1021 1577 1296 1615 commissione

571 1664 819 1708 PATRI
863 1661 1362 1708 HIERONYMO
1409 1660 1690 1706 NADAL

831 1777 1047 1814 ‘rammi-1,
1075 1777 1119 1804 22
1145 1776 1251 1812 Jmm
1279 1765 1370 1812 1563
1394 1768 1424 1803 ⁴.

311 1874 346 1901 1.
374 1865 517 1900 Votum
536 1865 677 1901 Patris
704 1864 851 1900 Lainez
872 1864 920 1900 de
945 1863 1238 1912 reformatione
1262 1863 1307 1899 in
1333 1862 1607 1899 concilia—2.
1638 1861 1699 1896 De
1716 1860 1952 1896 catechismo

382 1925 660 1960 Bartholomei
679 1923 906 1961 Carranza.
920 1943 950 1950 -
958 1933 992 1970 3.
1022 1924 1070 1959 P.
1099 1923 1250 1959 Araoz:
1268 1923 1318 1958 P.
1346 1922 1608 1958 Pelletarius:
1635 1921 1767 1956 decem
1790 1919 1888 1956 socii
1904 1919 1948 1955 in

385 1983 570 2020 Galliam
587 1984 914 2028 minantum—4.
937 1982 1164 2031 Collegium
1183 1982 1425 2019 lovaniense.

409 2092 447 2125 1.
511 2081 609 2123 Pax
630 2079 736 2136 Xpi.
763 2080 828 2123 Le
850 2078 1008 2124 ultime
1027 2078 1086 2123 de
1113 2079 1171 2122 V.
1198 2079 1253 2122 R.
1286 2091 1425 2122 erano
1447 2077 1505 2122 de
1529 2090 1586 2132 30
1611 2075 1687 2119 del
1709 2081 1889 2132 passato
1913 2075 1946 2126 ⁵,

314 2157 401 2202 alle
422 2156 544 2214 quali
566 2155 642 2214 gia
663 2170 719 2201 se·
736 2156 834 2200 fece
854 2162 1073 2212 resposta.
1099 2154 1342 2214 Crediamo
1363 2155 1448 2199 che
1468 2154 1512 2197 13
1529 2167 1667 2197 causa
1682 2153 1740 2197 de
1756 2165 1847 2194 non
1865 2152 1950 2194 ha-

315 2248 396 2278 uer
418 2240 602 2279 receute
623 2234 735 2278 altre
755 2233 945 2276 d'allora
965 2231 1013 2275 in
1036 2246 1126 2288 qua
1147 2231 1214 2275 sia
1235 2238 1353 2276 stata
1372 2231 1417 2275 la
1436 2230 1603 2288 partita
1624 2231 1681 2274 de
1703 2230 1760 2274 V.
1788 2230 1843 2272 R.
1869 2242 1948 2285 per

387 2445 399 2465 ¹
448 2441 529 2487 Sic,
547 2441 694 2487 italice,
711 2452 780 2489 pro
796 2441 905 2478 aire.

383 2504 399 2524 ²
449 2502 559 2538 Haec
581 2501 631 2537 de
660 2500 855 2547 theologis
880 2505 920 2536 et
950 2499 1144 2547 episeopis
1173 2498 1288 2545 gallis
1313 2497 1568 2544 intelligenda
1599 2502 1705 2543 sunt,
1728 2496 1778 2532 de
1808 2494 1951 2543 quibus

314 2562 412 2598 haec
441 2561 495 2597 ait
524 2561 569 2596 P.
599 2561 731 2606 PRAT,
750 2561 931 2596 Histoire
949 2560 1005 2595 du
1022 2558 1169 2595 concile
1186 2559 1234 2594 de
1258 2557 1415 2601 Trente,
1445 2558 1499 2602 11,
1529 2557 1612 2603 269:
1645 2556 1745 2591 «Les
1776 2554 1950 2602 eveques

313 2619 496 2667 francai3‚
512 2631 679 2667 presque
693 2625 780 2656 tous
798 2620 933 2655 eleves
950 2629 1019 2666 par
1032 2616 1278 2653 l'universite
1288 2616 1338 2652 de
1355 2616 1477 2663 Paris,
1491 2628 1542 2652 ou
1555 2615 1706 2651 nourris
1720 2614 1769 2650 de
1783 2625 1846 2650 ses
1859 2612 1950 2649 doc-

314 2679 452 2725 trines,
476 2678 760 2715 s'aceordaient
781 2679 1076 2724 generalement
1099 2678 1121 2712 3
1138 2675 1349 2712 demander
1371 2677 1408 2712 la
1423 2675 1658 2712 diminution
1676 2674 1726 2709 de
1752 2671 1948 2709 vautorite

314 2737 551 2786 pontificale,
565 2750 642 2774 aux
655 2743 800 2774 termes
813 2737 866 2774 du
879 2737 1030 2774 concile
1043 2736 1092 2772 de
1110 2735 1219 2781 Eme,
1232 2734 1328 2772 dont
1345 2734 1393 2771 ils
1406 2734 1664 2771 admettaient
1681 2735 1739 2769 les
1752 2731 1951 2768 decisions

315 2810 365 2834 au
382 2796 582 2845 prejudice
599 2796 652 2833 du
669 2796 820 2834 concile
838 2796 888 2832 de
914 2797 1143 2833 Florenee.»
1174 2793 1275 2831 Vide
1293 2794 1412 2831 etiam
1430 2793 1470 2830 in
1494 2792 1677 2842 sequenti
1701 2791 1866 2839 epistola
1889 2801 1950 2833 ea,

314 2869 414 2906 quae
432 2857 481 2893 de
499 2856 625 2892 Lainii
643 2862 736 2892 voto
752 2856 950 2893 dicuntur.
1826 2846 1831 2850 .

384 2918 400 2938 ³
448 2917 508 2952 Ita
525 2916 565 2951 in
582 2926 671 2960 ms.;
691 2927 830 2952 sensus
853 2920 928 2952 est:
953 2915 1089 2952 eodem
1113 2916 1303 2960 tempore,
1321 2925 1397 2960 quo
1411 2913 1477 2950 Izic
1499 2913 1727 2949 Theodorus
1744 2911 1844 2946 illuc
1856 2912 1952 2958 per-

314 2977 488 3013 veniret.
1344 2998 1346 3001 -

385 3037 401 3058 ⁴
449 3035 508 3071 Ex
524 3035 711 3081 Regesto,
733 3033 830 3071 Cod.
851 3044 895 3081 33
912 3033 970 3080 d),
989 3033 1056 3070 fol.
1075 3033 1122 3070 86
1139 3044 1178 3069 v.
1197 3033 1244 3069 In
1260 3032 1450 3079 margine:
1470 3033 1520 3068 P.
1540 3030 1682 3067 Natal.

386 3096 404 3118 ⁸
451 3093 734 3131 Desiderantur
749 3094 823 3130 hae
838 3092 1010 3130 litterae.
