2196 3522
0 2123 13 2182 Q».

0 2188 29 2230 ,ι

0 2275 10 2380 5

958 250 1180 288 Appianum
1815 256 1886 299 559

250 368 372 413 quae
393 371 449 401 ex
470 361 656 412 paterna
676 354 928 400 hereditate
948 354 1057 398 mihi
1078 354 1319 411 peruenire
1334 361 1560 411 poterant,
1580 354 1628 397 in
1644 361 1884 411 parentum

252 423 303 461 et
339 415 527 459 fratrum
555 415 839 458 commodum
876 421 1118 470 antequam
1152 414 1425 459 Societatem
1463 428 1610 457 essem
1639 415 1882 467 admissus,

259 475 463 519 Viennae
484 488 643 530 agens,
667 473 798 527 cessi;
823 473 1022 517 animum
1041 480 1192 517 tamen
1214 474 1271 516 ad
1292 473 1582 528 Societatem,
1607 472 1763 517 diuina
1779 487 1881 530 ope,

260 534 348 578 iam
365 534 622 589 adegeram,
641 540 687 576 et
703 533 819 577 forte
835 532 969 577 etiam
979 532 1267 577 beatissimae
1284 532 1462 589 Virgini
1479 539 1587 576 voto
1598 532 1885 589 ingrediendi

258 593 534 639 Societatem
563 592 651 635 iam
678 607 752 636 me
781 592 1124 635 obstrinxeram.
1162 604 1229 635 11.
1262 592 1336 635 Ad
1364 598 1558 648 quatuor
1584 591 1780 635 minores
1803 592 1886 635 ali-

260 661 370 708 quot
398 658 503 695 ante
530 651 690 695 diebus
716 660 817 694 'sum
841 657 1090 707 promotus.
1128 663 1194 694 12.
1229 652 1297 693 Ex
1325 650 1549 717 instituto,
1574 657 1626 694 ut
1657 665 1884 695 manerem

257 713 374 755 duos
395 725 574 755 menses
595 718 674 753 aut
697 710 791 755 fere
818 717 909 753 tres
935 709 982 752 in
1009 709 1201 766 collegio
1229 724 1416 753 romano
1445 709 1536 766 egi,
1568 709 1742 765 reliquo
1767 717 1882 754 tem-

258 786 383 828 pore,
408 778 646 826 postquam
674 771 863 812 Romam
890 768 1050 821 rediui‚
1081 768 1128 811 in
1145 768 1406 825 germanico
1429 783 1529 811 sum
1559 776 1882 822 commoratus,

258 829 545 896 praeteriens
555 836 705 872 autem
726 828 912 871 multis'
901 843 947 871 m
970 803 1173 883 collegiis
1194 828 1258 870 fui
1279 842 1383 871 cum
1407 830 1459 871 Ρ.
1486 827 1651 871 Natali.
1691 841 1757 883 13
1786 828 1886 871 Pri—

259 904 377 932 mam
400 887 715 955 exercitiorum
742 887 1039 943 spiritualium
1066 887 1395 931 hebdomadam
1424 893 1470 931 et
1498 887 1701 930 nonnihil
1731 902 1785 930 ex
1817 889 1886 930 2.8

258 947 454 1004 suscepi;
475 947 744 1002 reliquarum
761 946 1079 1013 probationum
1091 947 1261 989 nullam
1278 946 1418 998 obiui,
1436 953 1749 1002 praeterquam
1767 947 1889 1001 quod

259 1007 329 1050 bis
358 1013 436 1050 aut
465 1014 532 1051 ter
566 1020 667 1049 sum
695 1005 992 1049 concionatus
1018 1005 1064 1048 in
1093 1005 1348 1049 refectorio.
1388 1018 1453 1059 14.
1488 1007 1576 1049 Per
1610 1021 1775 1048 annum
1812 1013 1890 1048 aut

262 1067 398 1123 paulo
427 1066 527 1121 plus
553 1064 802 1108 rhetoricae
836 1072 883 1108 et
916 1064 1101 1121 linguae
1123 1079 1316 1121 graecae
1351 1079 1532 1120 operam
1559 1065 1678 1117 dedi,
1709 1079 1812 1107 cum
1843 1064 1889 1107 in

264 1124 457 1182 collegio
478 1123 738 1191 germanico
754 1138 916 1177 essem;
944 1126 1123 1168 Patrem
1146 1123 1310 1168 deinde
1326 1124 1533 1167 Natalem
1557 1138 1635 1180 per
1658 1123 1889 1168 biennium

266 1186 359 1228 fere
381 1198 481 1228 sum
504 1183 746 1226 comitatus
761 1183 807 1225 in
826 1183 982 1226 ultima
1004 1197 1087 1226 sua
1108 1182 1487 1239 peregrinatione,
1514 1197 1602 1238 qua
1625 1182 1889 1249 Hispaniam

264 1251 312 1288 et
334 1243 535 1309 reliquas
542 1242 794 1299 provincias
808 1242 1022 1285 visitavit.
1055 1254 1071 1285 Ι
1081 1253 1121 1296 5.
1137 1243 1223 1286 Die
1237 1249 1364 1286 sexta
1381 1241 1652 1286 Nouembris
1676 1255 1691 1285 1
1701 1244 1786 1296 560
1800 1242 1890 1297 pri-

266 1315 389 1346 mum
412 1301 538 1345 emisi
559 1310 667 1345 uota
687 1302 773 1345 sub
796 1302 987 1344 formula
1008 1295 1261 1346 Societatis.
1283 1302 1425 1345 Nam
1415 1316 1502 1344 lam
1521 1301 1624 1344 inde
1641 1309 1746 1344 ante
1763 1302 1891 1345 bien-

264 1362 390 1405 nium
413 1375 644 1413 uoueram,
669 1368 777 1413 etc„
806 1367 853 1404 ut
874 1360 1106 1404 habetur
1095 1375 1141 1403 in
1172 1360 1464 1419 responsione
1494 1360 1891 1404 10.16.Pensio-

264 1436 368 1465 nem
391 1434 587 1464 annuam
605 1434 669 1463 xx
684 1420 971 1472 ducatorum,
992 1433 1127 1475 quam
1145 1434 1320 1476 semper
1343 1419 1524 1476 genitor
1539 1433 1667 1462 meus
1686 1419 1890 1475 percipit3

264 1480 523 1524 facultatem
546 1486 776 1535 praeterea
803 1478 923 1522 illam
951 1493 1031 1535 pro
1054 1478 1279 1534 aliquibus
1307 1478 1566 1535 anticipatis
1592 1478 1896 1522 solutionibus

261 1538 525 1582 annullandi
553 1545 598 1582 et
618 1537 915 1594 extinguendi
945 1553 970 1581 a
997 1553 1084 1592 me,
1109 1552 1212 1581 cum
1235 1538 1333 1582 eius
1362 1539 1549 1581 domum
1580 1537 1816 1582 transirem
1846 1537 1893 1579 in

262 1600 350 1642 hac
372 1596 747 1654 peregrinatione,
772 1597 948 1653 petiuit3
974 1611 1125 1653 quam,
1146 1597 1446 1641 instrumento
1468 1596 1649 1654 publico
1666 1597 1891 1649 confecto,

264 1657 484 1710 concessi;
510 1663 555 1701 et
575 1670 634 1699 ne
654 1671 708 1700 eo
731 1664 950 1708 uteretur,
974 1657 1119 1701 donec
1143 1658 1195 1700 P:
1222 1657 1429 1701 Natalem
1446 1657 1727 1700 consulerem
1751 1663 1795 1698 et
1812 1671 1894 1700 ve-

267 1716 386 1760 niam
408 1717 619 1760 haberem
641 1715 748 1768 dixi;
774 1717 895 1772 quod
916 1716 1281 1772 Cesaraugustae
1299 1716 1401 1769 feci,
1422 1715 1500 1758 ubi
1519 1718 1570 1759 P.
1593 1716 1816 1767 Natalem,
1838 1715 1894 1757 ad

267 1776 414 1832 ipsum
435 1774 825 1828 rediens,-iuueni;
857 1782 924 1828 et,
949 1775 1102 1818 habita
1124 1775 1272 1826 venia,
1305 1774 1555 1831 genitorem
1579 1789 1746 1826 meum,
1772 1774 1893 1829 quod

268 1835 568 1878 instrumento
589 1834 664 1876 illo
687 1834 752 1877 uti
774 1841 944 1890 posset,
975 1834 1210 1877 certiorem
1242 1834 1343 1878 feci.
1376 1846 1440 1888 17.
1476 1835 1602 1877 Bona
1633 1833 1895 1876 ualetudine

267 1909 370 1938 sum
393 1908 503 1936 usus
530 1892 685 1936 diuina
716 1907 816 1949 ope,
849 1893 1064 1949 tantisper
1094 1893 1331 1949 aliquoties
1359 1893 1623 1948 interrupta.
1664 1893 1730 1935 18.
1763 1894 1895 1936 Nun—

267 1967 404 2010 quam
426 1954 517 1994 huc
539 1966 682 2007 usque
703 1951 1000 2006 examinatus,
1032 1966 1115 1995 nec
1138 1967 1192 1997 eo
1213 1952 1412 2004 biennio,
1438 1953 1559 2007 quod
1587 1965 1689 1994 cum
1722 1954 1773 1995 Ρ.
1801 1953 1895 1995 Na-

270 2012 346 2055 tali
368 2011 459 2068 egi,
490 2011 724 2054 confessus
755 2011 1026 2066 generaliter
1054 2011 1134 2063 fui,
1161 2025 1245 2054 nec
1275 2019 1382 2054 uota
1412 2010 1645 2054 renouaui.
1678 2012 1742 2054 At
1770 2018 1895 2067 post-

268 2086 403 2127 quam
427 2072 613 2113 Romam
637 2070 794 2122 rediui,
819 2071 910 2113 duo
937 2072 1049 2114 haec
1070 2079 1199 2115 sexto
1222 2085 1404 2126 quoque
1426 2084 1580 2113 mense
1607 2070 1762 2113 diuina
1790 2085 1894 2126 gra-

269 2130 332 2174 tia
354 2129 571 2186 praestiti.
592 2129 827 2172 Rationem
845 2144 955 2173 uero
976 2129 1312 2187 conscient[i]ae
1328 2130 1495 2172 nullam
1514 2129 1634 2181 dedi,
1655 2129 1739 2172 nisi
1756 2130 1895 2172 semel

272 2191 324 2233 Ρ.
352 2190 567 2240 Polanco,
593 2188 638 2230 in
661 2187 959 2241 confessione,
984 2203 1118 2244 quam
1140 2190 1197 2233 de
1226 2188 1364 2231 totius
1394 2188 1514 2232 uitae
1543 2188 1806 2231 criminibus
1827 2188 1897 2230 di—

272 2248 380 2292 uino
403 2249 555 2290 favore
578 2247 678 2290 feci.
711 2260 777 2304 19.
802 2247 962 2291 Gratia
982 2247 1067 2291 Dei
1084 2262 1279 2300 mecum,
1305 2262 1481 2304 semper
1501 2254 1685 2303 paratus
1702 2262 1801 2290 sum
1826 2255 1895 2289 to-

272 2316 365 2350 tam
388 2307 435 2349 in
458 2306 685 2351 Societate
706 2306 844 2349 vitam
866 2321 1018 2362 agere.
1048 2306 1184 2366 [Sclz.]
1219 2320 1255 2350 1.
1287 2307 1362 2350 Ad
1390 2307 1439 2350 18
1468 2306 1628 2350 aetatis
1655 2321 1781 2350 meae
1805 2307 1898 2350 fere

272 2381 410 2409 anum
434 2373 627 2421 quatuor
649 2366 722 2409 uel
742 2365 943 2420 quinque
965 2373 1043 2409 aut
1067 2365 1179 2410 forte
1202 2367 1353 2422 plures
1370 2380 1512 2409 annos
1529 2365 1573 2408 in
1593 2364 1897 2421 grammaticis

272 2433 320 2469 et
341 2424 680 2468 humanioribus
700 2424 841 2467 literis
862 2424 1204 2481 insumpseram;
1230 2432 1467 2481 postquam
1490 2438 1598 2467 uero
1620 2439 1719 2467 sum
1743 2424 1898 2468 Socie-

275 2491 411 2527 tatem
433 2483 682 2540 ingressus,
707 2498 875 2526 annum
897 2482 943 2525 in
965 2484 1201 2528 rhetoricis
1228 2498 1281 2527 ac
1304 2484 1396 2527 fere
1417 2483 1647 2527 biennium
1671 2483 1716 2525 in
1738 2483 1898 2538 logicis

273 2551 319 2586 et
341 2542 537 2598 physicis
559 2556 663 2599 ago.
686 2555 722 2585 2.
745 2541 960 2586 Mediocri
978 2549 1080 2585 utor
1096 2543 1143 2585 in
1159 2543 1321 2586 studiis
1335 2542 1627 2585 valentudine
1648 2542 1758 2599 [sic],
1779 2541 1898 2584 diui-

273 2617 332 2645 no
349 2603 520 2644 fauore.
548 2614 588 2655 3.
615 2601 736 2645 Satis
752 2602 885 2654 bene,
905 2602 1004 2644 laus
1021 2603 1135 2654 Deo,
1156 2610 1201 2645 et
1218 2603 1274 2644 ad
1291 2601 1619 2657 philosophica,
1640 2615 1756 2655 quae
1774 2615 1897 2644 nunc

272 2675 380 2717 prae
400 2659 609 2703 manibus
629 2661 791 2712 habeo,
818 2675 888 2703 me
909 2660 1057 2716 magis
1078 2675 1352 2717 propensum
1375 2661 1536 2705 sentio.
1562 2673 1604 2713 4.
1626 2661 1730 2703 Non
1753 2659 1898 2703 omni-

269 2734 330 2762 no
354 2719 548 2785 ineptus,
573 2718 729 2762 diuino
751 2718 936 2771 auxilio,
963 2720 1020 2762 ad
1047 2719 1372 2775 philosophica.
1397 2721 1503 2763 Non
1532 2719 1723 2761 multum
1752 2720 1899 2775 polleo

271 2777 486 2822 memoria
507 2811 516 2830 ,
557 2792 705 2832 neque
746 2779 860 2822 adeo
902 2779 975 2835 (ut
1012 2777 1123 2820 mihi
1165 2778 1366 2834 videtur>
1409 2777 1671 2835 perspicacis
1692 2777 1894 2835 ingenio.

292 2839 364 2890 111,
369 2838 445 2940 I18

272 2838 288 2895 [
449 2837 462 2895 ]
463 2895 667 2952 joannes
687 2895 957 2938 Abstemius.
985 2907 1024 2938 2.
1048 2895 1224 2952 Viginti
1245 2896 1373 2939 duos
1403 2908 1443 2950 3.
1465 2897 1730 2951 Hungarus,
1756 2910 1811 2939 ex
1833 2894 1900 2938 ci—

271 2955 414 3000 vitate
436 2954 688 2998 Cassouia..
700 2965 778 3007 7.
803 2954 910 2997 Fuit
930 2961 1169 3006 mercator,
1195 2953 1313 2997 sicut
1334 2962 1558 3011 parentes,
1583 2961 1628 2997 et
1655 2954 1780 3010 prius
1801 2961 1900 2997 stu-

273 3015 450 3058 duerat.
483 3026 549 3057 12.
575 3014 699 3057 Ante
719 3014 834 3056 duos
856 3014 948 3056 fere
970 3027 1129 3067 annos,
1154 3013 1374 3067 Viennae;
1399 3020 1444 3057 et
1467 3013 1551 3073 fuit
1568 3012 1851 3057 examinatus
1874 3028 1901 3056 a
