2196 3522
953 254 1174 290 APPEme
1801 251 1874 297 655

1021 411 1105 454 XL

700 495 757 535 B.
800 499 1062 536 PETRUS
1099 497 1433 535 CANISIUS

784 590 925 621 PATRI
958 590 1139 630 JACOBO
1169 587 1344 620 LAINEZ

750 667 1006 722 Augustae,
1033 666 1058 708 8
1082 665 1190 721 Maji
1219 665 1330 720 1564
1358 666 1386 707 ¹.

683 755 744 791 De
778 754 892 791 libris
923 754 1215 790 haereticorum
1249 754 1443 790 emendis.

423 836 498 878 An
519 833 652 876 liceat
674 845 823 876 emere
845 831 998 885 libros,
1020 830 1097 886 qui
1115 837 1223 874 sunt
1244 830 1574 875 haereticorum
1592 836 1817 882 autorum,
1837 829 1884 873 in

248 893 614 944 humanioribus,
654 906 744 934 non
774 898 925 934 tamen
955 897 1202 933 tractantes
1238 890 1481 934 haeretica.
1525 892 1576 933 P.
1611 889 1784 933 Natalis
1816 889 1887 931 ui-

246 955 448 998 debatur
468 952 541 995 hic
563 949 807 1007 singularis
834 949 1057 1006 opinionis
1078 963 1194 1001 esse,
1222 956 1271 992 ut
1294 964 1377 992 nos
1402 948 1627 992 terruerit.

1031 1097 1134 1140 XLI

558 1191 796 1239 JOANNES
824 1190 1154 1228 FRANCISCUS
1183 1189 1591 1228 COMMENDONUS

753 1269 908 1315 legatus
926 1268 1164 1315 apostolicus
1184 1268 1223 1304 in
1241 1268 1400 1304 Polonia

801 1360 943 1390 PATRI
976 1359 1160 1400 JOCOBO
1195 1360 1369 1390 LAINEZ

690 1434 898 1492 Leopoli,
940 1435 990 1479 18
1031 1435 1246 1479 Octobris
1294 1436 1404 1490 1564
1443 1437 1474 1478 ².

447 1526 653 1562 Societatis
670 1525 840 1572 collegia
857 1524 902 1559 in
923 1524 1095 1559 Polonia
1113 1524 1230 1559 valde
1247 1525 1471 1559 necessaria
1489 1525 1710 1561 existimat.

360 1605 500 1648 Molto
517 1603 630 1646 Rdo.
655 1602 703 1644 in
725 1601 907 1645 Christo
930 1601 1091 1645 Padre.
1117 1602 1182 1644 Le
1197 1601 1356 1645 lettere
1373 1601 1418 1644 di
1437 1603 1492 1645 V.
1516 1603 1567 1644 Ρ.
1591 1603 1644 1645 R.
1665 1601 1710 1644 di
1730 1616 1778 1645 lx
1796 1603 1901 1646 Set—

268 1665 447 1709 tembre
469 1662 528 1705 mi
551 1676 633 1705 son
654 1660 848 1718 capitate
869 1660 947 1716 qui
969 1660 1014 1702 in
1036 1660 1236 1716 Leopoli,
1269 1661 1403 1713 doue,
1430 1662 1519 1704 due
1540 1661 1584 1703 di
1613 1675 1744 1714 sono,
1775 1661 1818 1704 io
1840 1661 1902 1703 ri-

271 1722 419 1767 tornai
455 1723 511 1764 da
549 1735 611 1763 un
645 1721 788 1776 lungo
825 1727 870 1764 et
907 1719 1184 1776 trauaglioso
1222 1719 1424 1776 uiaggio,
1465 1721 1577 1763 fatto
1612 1735 1690 1775 per
1717 1720 1902 1764 uisitare

277 1783 437 1838 queste
460 1779 706 1837 prouincie,
730 1781 816 1822 che
836 1792 1011 1835 appena
1032 1781 1183 1822 hanno
1204 1779 1368 1822 sentito
1392 1779 1478 1823 mai
1502 1779 1578 1835 piu
1596 1779 1796 1822 ricordar
1817 1793 1902 1836 pur

279 1842 310 1884 il
332 1855 465 1884 nome
491 1840 607 1884 della
643 1838 748 1882 sede
785 1838 1042 1894 apostolica.
1083 1838 1242 1894 Hoggi
1263 1840 1322 1881 ho
1359 1839 1570 1881 mandata
1606 1839 1648 1881 la
1675 1839 1835 1882 lettera
1857 1838 1903 1881 di

282 1902 340 1944 V.
369 1903 420 1943 P.
446 1899 488 1942 al
518 1912 714 1942 vescouo
735 1896 781 1940 di
803 1897 979 1950 Plosca,
1005 1904 1051 1941 et
1078 1899 1482 1954 accompagnatola
1513 1912 1598 1941 con
1627 1912 1717 1940 una
1743 1897 1832 1941 mia
1860 1897 1905 1940 di

281 1959 410 2016 punti
431 1960 516 2001 che
550 1958 594 2000 la
628 1955 835 2001 desidera
870 1956 914 1999 d’
940 1956 1189 2000 intendere.
1221 1958 1268 2000 Io
1291 1959 1349 1999 ho
1371 1958 1497 2001 detto
1525 1958 1566 2000 al
1596 1959 1647 2000 P.
1670 1958 1906 2001 Balthasar

281 2019 431 2074 quello
453 2019 537 2060 che
559 2031 617 2060 ne
637 2029 688 2059 so
705 2022 750 2060 et
771 2030 830 2059 ne
850 2017 999 2068 cred03
1025 2017 1098 2060 del
1118 2022 1238 2059 resto
1260 2016 1458 2059 scriuera
1474 2016 1505 2058 il
1521 2030 1719 2059 vescouo
1741 2024 1900 2061 stesso.

283 2079 469 2133 Quanto
491 2090 516 2118 a
536 2090 624 2127 me,
649 2074 692 2117 io
713 2089 805 2118 non
827 2074 1008 2141 nego-di
1031 2089 1152 2119 esser
1180 2075 1566 2119 desiderosissimo
1589 2075 1634 2118 di
1656 2075 1800 2120 seruir
1822 2076 1908 2118 alla

284 2134 566 2192 Compagnia
580 2148 667 2176 con
683 2140 801 2176 tutto
817 2134 848 2176 l
863 2133 1031 2186 animo,
1047 2141 1093 2178 et
1109 2135 1153 2177 d’
1166 2134 1469 2204 adoperarmi
1459 2150 1504 2177 1n
1523 2142 1641 2177 tutto
1657 2135 1806 2201 quello
1824 2136 1909 2179 che

284 2209 436 2252 posso,
477 2208 549 2236 rna
571 2207 691 2249 nego
716 2193 833 2237 bene
854 2192 901 2235 di
928 2192 1109 2236 meritar
1136 2193 1288 2249 percio
1324 2195 1487 2237 alcuno
1517 2194 1905 2264 ringratiamento.

286 2257 337 2298 L'
363 2253 507 2297 aiutar
529 2251 661 2301 simili
696 2265 831 2318 opere
866 2259 913 2296 et
947 2251 994 2294 in
1031 2251 1287 2296 uniuersale
1307 2253 1351 2296 la
1387 2253 1685 2310 Compagnia,
1718 2268 1743 2296 e
1766 2252 1910 2296 aiutar

280 2320 405 2356 tutta
426 2313 469 2354 la
490 2311 656 2363 chiesa,
681 2317 727 2355 et
747 2309 822 2353 noi
843 2310 990 2363 stessi,
1015 2326 1074 2355 ne
1095 2326 1174 2368 per
1195 2319 1319 2354 certo
1340 2312 1384 2354 io
1411 2327 1562 2368 ueggo
1583 2312 1628 2354 in
1657 2319 1782 2355 tanta
1809 2313 1913 2355 des-

286 2371 517 2428 peratione
544 2370 660 2413 delle
687 2383 793 2414 cose
819 2369 1122 2414 ecclesiastice
1149 2370 1330 2438 miglior
1352 2371 1554 2423 rimediO,
1580 2373 1663 2414 che
1694 2371 1708 2414 i
1731 2370 1910 2427 collegij

286 2431 403 2475 della
425 2427 721 2497 Compagnia:
747 2428 841 2471 cosi
857 2443 907 2472 se
927 2442 986 2472 ne
1008 2435 1242 2485 potessero
1263 2429 1466 2486 piantare
1484 2431 1621 2473 molto
1638 2429 1715 2486 piu
1732 2430 1779 2472 in
1797 2436 1914 2475 tutte

281 2490 331 2533 ‘le
352 2487 598 2545 prouincie.
625 2486 749 2543 Qui
738 2501 785 2529 m
808 2487 998 2531 Polonia
1013 2489 1335 2533 douerebbono
1357 2504 1480 2533 esser
1503 2501 1544 2543 7,
1570 2504 1643 2532 ma
1664 2501 1692 2543 4
1714 2489 1756 2531 31
1782 2503 1916 2532 meno

289 2562 401 2592 sono
411 2545 777 2591 necessarissimi.
797 2555 857 2589 vn
879 2545 927 2589 in
944 2547 1143 2600 Prussia,
1164 2548 1207 2591 al
1223 2549 1355 2603 quale
1373 2548 1410 2592 si
1427 2563 1452 2592 e
1465 2549 1540 2605 gia
1556 2549 1662 2591 dato
1679 2547 1913 2604 principio3

290 2622 351 2650 un
374 2607 422 2649 in
444 2604 675 2658 Mazouia,
693 2606 777 2648 che
798 2605 845 2648 la
864 2606 917 2648 Ρ.
943 2606 1001 2650 V.
1031 2608 1092 2650 ha
1112 2606 1189 2663 gia
1216 2614 1454 2661 accettat03
1480 2622 1569 2650 vno
1597 2607 1643 2651 in
1673 2607 1914 2660 Posnania,

284 2666 364 2709 del
386 2665 519 2721 quale
539 2664 571 2707 il
597 2673 796 2707 vescouo
822 2663 873 2707 di
901 2664 1127 2708 Posnania
1154 2665 1216 2708 mi
1249 2667 1308 2709 ha
1334 2667 1440 2709 dato
1473 2667 1611 2711 ferma
1648 2665 1914 2719 intentione;

291 2739 381 2768 vno
402 2724 451 2767 in
473 2722 711 2775 Cracouia,
735 2732 816 2779 per
836 2717 870 2765 il
887 2723 1020 2778 quale
1041 2737 1108 2767 uo·
1123 2725 1318 2768 tuttauia
1346 2725 1695 2778 affaticandomi,
1720 2739 1800 2781 per
1827 2731 1920 2769 tro-

292 2783 416 2827 uarci
438 2783 631 2839 qualche
653 2782 797 2825 forma·
815 2787 863 2826 ef
897 2783 1089 2837 qualche
1125 2783 1216 2837 uia,
1254 2783 1418 2840 poiche
1446 2785 1488 2827 la
1512 2784 1584 2828 uia
1611 2785 1695 2828 che
1716 2783 1758 2827 ci
1778 2784 1920 2828 doue-

364 2889 375 2910 ¹
426 2889 484 2924 Ex
501 2887 754 2934 autographo,
772 2886 813 2922 in
830 2887 965 2934 Epist.
992 2886 1216 2935 Canisii,1,
1244 2887 1311 2924 136
1335 2890 1491 2937 (47[4]),
1509 2889 1556 2925 in
1582 2894 1684 2937 post·
1687 2889 1845 2938 scripto,
1874 2890 1923 2926 ad

286 2938 440 2973 calcem
459 2934 609 2970 addito.

354 2986 390 3076 8²3
427 2982 491 3066 {a}
503 2982 732 3065 a8rchetypo‚
750 2979 791 3017 in
812 2979 907 3017 Coa.
930 2980 991 3027 38,
1006 2980 1153 3029 duplici
1171 2981 1243 3018 fol.
1254 2983 1328 3030 ,98
1342 2983 1441 3029 (347,
1461 2982 1562 3029 348).
1588 2983 1688 3020 Vide
1705 2984 1820 3032 epist,
1839 2983 1923 3031 313,

291 3042 336 3067 n.
411 3042 432 3065 e
493 3040 513 3074 4
