2196 3522
257 309 260 313 ι
315 264 386 314 580
947 259 1086 296 Eprsr.
1114 259 1158 296 P.
1187 258 1339 296 NADAL

313 368 392 425 dij,
411 373 519 412 etc.:
538 362 666 408 initia
680 377 874 421 graecae
889 362 1075 420 linguae
1091 361 1301 418 Louanij,
1319 362 1517 408 hebreae
1533 361 1750 418 Treuiris;
1770 377 1953 408 cursum

315 427 479 472 artium
506 425 594 468 bis:
626 423 765 468 semel
791 422 1024 475 Coloniae,
1059 423 1199 466 semel
1227 422 1443 476 Treuiris3
1477 424 1730 479 sphaeram,
1762 425 1951 468 astrola-

315 487 458 540 bium3
484 484 663 528 Esaiam
685 499 711 526 a
732 482 880 539 capite
903 492 957 538 25
981 496 1129 538 usque
1150 482 1207 525 ad
1223 482 1376 535 finem,
1397 483 1668 535 Mattheum,
1689 483 1812 527 Petri
1828 484 1947 540 prio-

316 562 428 601 rem,
461 544 639 587 initium
670 541 888 599 epistolae
916 543 973 585 ad
1000 556 1225 595 romanos;
1246 541 1476 586 rationem
1507 541 1847 586 administrandi
1874 558 1949 587 sa—

316 603 535 650 cramenti
556 601 863 660 poenitentiae
884 616 941 645 ex
964 603 1016 644 P.
1050 602 1268 655 Polanco;
1302 600 1635 646 Institutionem
1663 603 1948 646 sacerdotum

317 668 371 710 R.
398 668 454 709 D.
484 662 607 708 Petri
630 678 655 706 a
678 663 790 707 Soto
817 663 846 713 ¹,
871 660 918 704 in
941 675 1030 716 qua
1051 660 1185 705 etiam
1208 676 1317 704 num
1340 667 1561 705 versatur.
1583 662 1650 704 Ex
1668 675 1759 716 quo
1775 663 1949 707 theolo‹

317 725 422 783 gica
442 724 607 767 docere
627 721 777 778 coepit
800 720 971 778 (docuit
992 727 1144 764 autem
1175 721 1269 765 fere
1297 720 1490 777 assidue)
1514 720 1601 764 iam
1624 720 1783 765 tertius
1805 736 1951 765 annus

318 791 401 830 est.
437 785 623 827 Praeter
651 781 739 825 iam
769 783 1123 837 comprehensa,
1155 781 1227 824 vel
1254 780 1506 823 studiorum
1534 781 1607 824 vel
1634 781 1950 836 probationum

319 843 517 897 nomine,
543 841 629 885 fuit
655 840 907 884 studiorum
936 847 982 883 et
1010 854 1160 883 rerum
1189 839 1487 896 spiritualium
1515 840 1788 896 praefectus,
1813 841 1954 884 sindi-

321 919 421 956 cus,
445 902 696 953 consultor,
722 899 1015 943 admonitoris
1036 899 1223 944 rectoris
1250 899 1399 943 officio
1430 899 1560 956 fungi
1581 899 1752 953 iussus;
1777 901 1954 956 praefe-

322 971 424 1007 ctus
446 962 632 1017 linguae
656 960 946 1017 germanicae
968 959 1229 1015 aliquando,
1255 966 1300 1004 et
1316 959 1414 1015 alijs
1431 959 1517 1003 alia
1535 960 1684 1003 facere
1700 958 1851 1004 iussus
1867 967 1952 1014 est,

325 1030 376 1067 ut
397 1023 464 1065 fit.
491 1021 585 1080 [IV,
610 1033 714 1074 420,
741 1021 840 1075 543]

418 1095 455 1125 1.
522 1082 672 1125 Vocor
696 1080 941 1137 Philippus
956 1077 1150 1135 jacobus
1181 1079 1582 1122 Widmanstadius.
1610 1091 1650 1122 2.
1677 1080 1824 1123 Natus
1855 1093 1956 1123 sum

323 1156 469 1186 annos
491 1139 655 1197 viginti
676 1139 808 1182 duos.
838 1152 878 1194 3.
904 1139 1178 1190 Germanus,
1203 1153 1390 1192 sueuus,
1422 1138 1733 1196 nelligensis...
1771 1151 1838 1182 12.
1870 1140 1955 1184 Se—

327 1200 563 1259 ptennium
595 1198 840 1256 praeterijt,
874 1212 962 1254 quo
999 1197 1046 1240 in
1084 1197 1358 1243 Societatem
1387 1206 1597 1255 receptus
1623 1213 1723 1242 sum
1751 1198 1956 1243 Viennae

323 1259 554 1311 Austriae,
585 1259 633 1301 in
656 1258 881 1314 aliquibus
911 1263 1020 1301 tunc
1047 1257 1385 1301 examinatus...
1423 1271 1489 1312 14.
1522 1259 1731 1314 Quatuor
1758 1257 1955 1302 minores

323 1320 507 1364 ordines
528 1320 690 1363 habeo.
724 1328 790 1373 15.
818 1319 867 1361 In
889 1318 985 1360 solo
1006 1318 1093 1360 hoc
1115 1316 1349 1362 viennensi
1370 1317 1562 1373 collegio
1585 1317 1703 1361 fui...
1736 1319 1803 1361 18.
1836 1319 1956 1362 Vota

327 1379 413 1424 feci
436 1378 678 1424 Societatis
701 1392 818 1421 anno
843 1376 940 1432 57.ο
963 1376 1009 1419 in
1032 1377 1146 1420 festo
1168 1377 1311 1420 sancti
1335 1377 1583 1421 Michaelis.
1615 1376 1746 1435 [Sclz.]
1786 1390 1823 1420 1.
1856 1378 1956 1421 An-

327 1447 510 1495 tequam
531 1437 807 1484 Societatem
829 1436 1063 1493 ingressus
1091 1451 1208 1489 sum,
1234 1452 1260 1479 a
1287 1451 1427 1493 puero
1455 1436 1596 1480 literis
1623 1451 1806 1493 operam
1833 1437 1954 1489 dedi,

325 1513 448 1543 nunc
478 1497 684 1555 privatim
715 1497 762 1539 in
790 1497 924 1539 domo
953 1497 1164 1548 fraterna,
1196 1510 1319 1539 nunc
1346 1496 1392 1539 in
1420 1495 1612 1553 publicis
1640 1496 1822 1549 scholis,
1852 1496 1959 1541 licet

325 1557 592 1616 praesertim
613 1556 826 1613 Dilingae
849 1555 1010 1599 fuerim
1039 1555 1294 1612 negligens,
1326 1563 1372 1601 et
1398 1563 1556 1612 postea
1582 1555 1823 1611 aliquando
1853 1571 1933 1612 pro
1943 1583 1958 1588 -·

323 1626 426 1676 pter
449 1617 671 1661 tumultus
692 1616 912 1661 excitatos
934 1615 1249 1678 et⁵domestica
1270 1616 1455 1673 negotia
1471 1630 1572 1658 sum
1590 1622 1825 1659 avocatus.
1848 1618 1958 1660 Post

323 1678 582 1735 ingressum
617 1675 856 1721 Societatis
892 1675 939 1717 in
964 1674 1308 1718 humanioribus
1339 1682 1385 1720 et
1407 1675 1642 1719 rhetoricis
1671 1674 1956 1733 (quibuscum
1988 1700 1991 1702 ·

323 1737 457 1782 simul
478 1735 712 1781 dialectica
733 1734 863 1778 nobis
890 1736 1116 1791 praelecta
1144 1735 1226 1792 est)
1265 1741 1311 1779 et
1347 1734 1522 1792 graecis
1560 1734 1805 1778 triennium
1842 1750 1954 1779 con-

323 1795 510 1853 sumpsi3
550 1789 713 1839 deinde
749 1794 931 1839 biennio
968 1794 1127 1847 mansi,
1167 1801 1214 1837 et
1249 1794 1493 1851 praeterito
1531 1809 1650 1838 anno
1683 1794 1954 1838 rhetoricam

322 1856 431 1914 legi.
458 1854 621 1915 [Mag]
648 1867 685 1898 1.
710 1856 845 1899 Nunc
861 1854 966 1911 lego
983 1855 1232 1899 secundum
1252 1854 1549 1910 posteriorum
1567 1854 1841 1898 Aristotelis.
1862 1854 1952 1898 Hic

325 1923 478 1960 autem
500 1915 729 1958 secundus
750 1928 896 1957 annus
918 1920 1003 1968 est,
1027 1914 1074 1957 in
1102 1928 1192 1970 quo
1229 1914 1422 1958 docendi
1459 1928 1626 1957 munus
1654 1914 1779 1958 obire
1807 1914 1950 1971 coepi.

326 1975 398 2036 [Ην
425 1974 614 2033 99‘101]
1258 2000 1262 2005 ’

394 2042 397 2044 ’
424 2048 460 2078 1.
526 2033 732 2090 Εαρἷαέἰ
762 2033 958 2076 Texeda.
987 2045 1028 2076 2.
1055 2035 1124 2077 De
1146 2047 1275 2077 cerea
1297 2034 1353 2076 de
1376 2045 1432 2090 29
1454 2039 1580 2076 anos.
1609 2047 1649 2087 3.
1675 2034 1746 2078 De
1773 2033 1959 2076 Castilla

327 2103 359 2152 y
380 2093 666 2138 Plazentia...
699 2105 766 2146 14.
794 2095 883 2136 Por
905 2093 946 2135 el
978 2094 1030 2136 P.
1063 2095 1261 2137 Maestro
1298 2093 1479 2136 Andres
1516 2107 1544 2147 y
1582 2093 1624 2136 el
1663 2094 1715 2135 P.
1758 2092 1956 2136 Miron...
1992 2131 1995 2135 ,

335 2155 400 2198 16.
434 2167 484 2209 13
508 2160 674 2196 anos...
703 2165 774 2196 22.
808 2154 1031 2196 Menores.
1065 2165 1136 2208 23.
1163 2154 1232 2196 En
1260 2153 1455 2204 Gandia,
1490 2151 1714 2205 Valentia,
1748 2152 1961 2196 Vallado—
2018 2148 2044 2198 s

328 2214 408 2267 lid,
427 2213 713 2264 Salamanca,
736 2212 909 2264 Alcala,
929 2226 987 2255 en
1003 2212 1190 2255 officios.
1213 2214 1282 2255 En
1299 2211 1528 2264 Coimbra,
1549 2217 1675 2268 parte
1692 2227 1749 2256 en
1771 2211 1957 2255 officios:

331 2274 527 2330 despues
549 2271 726 2316 estudie
749 2282 775 2325 7
797 2275 824 2314 ό
848 2272 872 2314 8
894 2285 1056 2316 meses,
1083 2273 1152 2315 En
1174 2263 1325 2315 Evora
1347 2272 1419 2327 ley
1442 2278 1532 2315 tres
1549 2277 1660 2314 anos
1676 2286 1706 2327 y
1723 2286 1781 2316 en
1797 2271 1962 2315 Lisboa

332 2334 415 2376 dos
437 2339 563 2375 afios.
590 2331 684 2388 [1V,
711 2330 812 2389 566]

429 2405 465 2435 1.
530 2393 682 2435 Vocor
719 2390 983 2433 Riclzardus
1019 2390 1165 2447 Story.
1198 2403 1240 2434 2.
1273 2392 1420 2435 Natus
1449 2390 1640 2434 arbitror
1671 2390 1850 2434 circiter
1877 2404 1950 2433 ans

334 2466 417 2495 nos
440 2465 520 2495 XVI
545 2451 617 2493 vel
639 2449 904 2494 octodecim.
932 2464 972 2504 3.
999 2451 1066 2493 Ex
1094 2450 1278 2506 Anglia;
1304 2449 1576 2507 prouintiam
1599 2450 1776 2506 ignoro,
1801 2465 1855 2493 ex
1878 2465 1958 2506 pa-

335 2511 420 2554 tria
442 2509 823 2555 Salisburiense...
856 2522 921 2552 12.
948 2511 991 2553 A
1013 2510 1192 2553 duobus
1215 2509 1450 2553 transactis
1472 2510 1600 2553 annis
1621 2524 1721 2552 sum
1749 2516 1959 2566 receptus

334 2571 383 2613 in
405 2570 694 2623 Societatem;
719 2568 766 2611 in
788 2569 1021 2625 prouincia
1048 2570 1084 2612 F
1087 2569 1303 2624 landriae‚
1328 2570 1373 2612 in
1396 2569 1589 2626 collegio
1614 2569 1883 2627 tornacensi,
1913 2577 1959 2613 et

335 2629 673 2673 examinatus...
706 2641 771 2682 14.
798 2629 1019 2673 Sacerdos
1041 2643 1130 2672 non
1153 2643 1269 2681 sum,
1295 2643 1443 2684 neque
1464 2631 1521 2672 ad
1542 2629 1717 2671 nullum
1746 2628 1960 2673 ecclesia-

336 2689 499 2733 sticum
522 2688 725 2732 ordinem
748 2694 995 2743 promotus.
1028 2698 1092 2742 15.
1116 2689 1166 2731 In
1194 2689 1397 2745 collegijs
1425 2688 1490 2731 fui
1519 2696 1801 2742 tornacense,
1832 2689 1960 2731 loua-

335 2748 507 2801 niense,
548 2747 822 2799 coloniense,
863 2747 1230 2802 moguntinense,
1275 2748 1527 2805 dilingano,
1573 2747 1881 2791 monachiensi
1917 2754 1963 2790 et

336 2807 595 2864 Ingolstadij
621 2820 795 2850 maneo.
828 2819 894 2850 11.
922 2807 1115 2850 Tornaci
1143 2822 1223 2864 per
1251 2823 1420 2851 annum
1448 2822 1551 2850 cum
1580 2807 1763 2850 dimidio
1792 2808 1886 2852 fere
1916 2806 1964 2849 in

336 2867 600 2924 probatione
618 2866 698 2919 fui,
719 2872 764 2910 et
780 2866 853 2908 hic
872 2867 1131 2923 Ingolstadij
1152 2881 1235 2922 per
1263 2867 1461 2912 medium
1486 2882 1709 2911 annum...
1743 2880 1809 2923 13.
1846 2867 1964 2916 Vota

338 2942 428 2971 non
451 2925 535 2970 feci
557 2924 810 2978 Societatis,
837 2940 986 2982 neque
1008 2927 1099 2970 ulla
1122 2926 1208 2970 alia
1230 2928 1391 2972 habeo.
1418 2927 1513 2986 [IV,
1541 2926 1640 2986 598]

405 3058 417 3081 ¹
467 3057 640 3097 Confuse
658 3057 863 3108 scriptum.
