2196 3522
1004 265 1227 302 APPssumx
1856 266 1928 314 657

292 376 483 420 gnosco,
508 370 555 408 et
575 378 667 408 non
688 377 934 422 cognosco,
958 365 1020 409 mi
1040 368 1312 411 racomando
1328 367 1375 411 di
1396 382 1517 413 core.
1541 367 1602 413 Di
1623 368 1825 426 Leopoli,
1850 369 1910 413 all

298 423 349 466 18
371 423 417 465 d’
442 423 642 468 Ottubre
667 425 794 479 1564.

379 483 449 526 De
471 484 528 527 V.
556 484 609 526 P.
635 484 748 526 Rda.
774 483 982 541 figliuolo
1003 483 1051 528 in
1074 484 1274 539 Christo,
1476 504 1479 506 ’
1659 518 1663 522 .

987 545 1036 588 11.
1068 558 1288 589 vssscouo
1320 546 1682 590 COMMENDONE.

379 600 622 657 Inscriptio
645 602 694 644 in
717 606 884 658 quarta
904 604 1104 660 pagina:
1126 604 1188 647 Al
1213 605 1354 647 molto
1377 605 1491 648 Rdo.
1524 607 1577 648 P.
1605 607 1668 650 M.
1704 605 1925 666 [Jaco]mo

287 658 471 714 Lainez‚
495 660 724 717 preposito
747 663 961 721 generale
982 663 1101 706 della
1122 663 1406 720 Compagnia
1428 663 1474 732 d}
1503 665 1622 709 Iesu.

1043 830 1167 873 XLII

779 912 844 965 ns
867 929 1103 967 PETRUS
1136 929 1429 968 CANISIUS

832 1033 973 1064 PATRI
996 1033 1178 1074 JACOBO
1202 1034 1377 1064 LAINEZ

670 1108 935 1165 Augustae,
975 1123 1004 1167 9
1040 1109 1307 1154 Decembris
1350 1111 1461 1164 1564
1506 1111 1532 1153 ¹.

374 1196 521 1251 Saepe
542 1196 739 1253 cogitavi
761 1198 1048 1253 profuturum
1068 1213 1170 1243 esse
1190 1198 1450 1255 provinciae
1471 1206 1674 1252 nostrae,
1705 1213 1758 1242 ac
1780 1199 1920 1256 pluri-

287 1255 372 1298 bus
395 1255 584 1300 fortasse
606 1255 719 1309 aliis,
744 1256 782 1300 si
804 1258 858 1300 R.
886 1259 939 1300 P.
971 1258 1026 1301 T.
1058 1257 1257 1303 mitteret
1285 1260 1339 1302 R.
1372 1260 1427 1302 P.
1459 1259 1690 1312 Natalem,
1722 1267 1801 1302 aut
1822 1259 1921 1315 ejus

285 1314 386 1356 Ioco
407 1313 545 1357 alium
567 1315 923 1360 commissarium
947 1318 1220 1370 oeneralern‚
1246 1324 1428 1374 propter
1450 1317 1596 1360 varias
1619 1318 1718 1374 ejus
1743 1317 1807 1363 rei
1831 1318 1920 1361 uti-

284 1371 449 1427 litates,
474 1388 587 1429 quas
607 1389 698 1418 non
720 1375 903 1432 ignorat
930 1352 1195 1421 ffeverenda
1224 1376 1479 1421 Paternitas
1508 1378 1631 1429 Tua,
1664 1377 1796 1432 cujus
1818 1377 1919 1433 qui-

284 1432 386 1475 dem
419 1433 648 1477 sacrificiis
680 1449 731 1477 ac
763 1435 974 1491 precibus
1005 1435 1200 1480 Domino
1232 1436 1460 1493 cupimus,
1502 1436 1766 1492 praesertim
1799 1437 1920 1480 circa

283 1491 453 1534 Christi
475 1492 645 1537 domini
666 1495 880 1548 natalem,
905 1495 1035 1539 valde
1057 1495 1378 1540 commendari.

1027 1657 1171 1701 XLIII

613 1755 895 1803 QUINQUE
927 1755 1347 1795 IMPERATORIS
1380 1757 1587 1792 FILIAE

821 1847 961 1878 PATRI
993 1847 1176 1888 JACOBO
1208 1846 1385 1879 LAINEZ

683 1922 858 1967 Merani
870 1956 880 1975 ‚
926 1924 978 1967 16
1015 1924 1281 1968 Decembris
1325 1925 1436 1979 1564
1472 1925 1506 1967 ².

438 2004 500 2046 Ne
518 2022 544 2045 a
562 2011 754 2046 Patribus
773 2011 913 2047 Dirsio
930 2015 967 2048 et
983 2013 1208 2060 Halpawer
1225 2014 1466 2049 deserantur
1488 2012 1743 2061 efflagitant.

372 2088 642 2132 Venerande
664 2087 711 2130 in
738 2088 920 2132 Christo
947 2089 1145 2144 domine,
1169 2104 1435 2146 praecamur
1457 2091 1584 2133 Tuae
1606 2089 1915 2133 Dominationi

280 2154 327 2190 et
348 2146 429 2189 toti
453 2146 876 2204 Societatigratiam
892 2155 1136 2193 aeternam.
1157 2151 1261 2194 Non
1278 2150 1539 2193 dubitamus
1556 2149 1665 2204 quin
1683 2148 1796 2191 sciat
1814 2150 1914 2192 Do-

280 2205 468 2248 minatio
489 2207 588 2249 Tua
608 2220 692 2249 nos
712 2206 851 2263 pestis
873 2214 1073 2265 tempore
1094 2209 1355 2265 Oeniponto
1379 2209 1568 2265 fugisse,
1594 2215 1640 2253 et
1661 2209 1776 2250 duos
1800 2207 1913 2263 (exi-

281 2264 497 2321 gentibus
520 2264 668 2308 causis
690 2266 955 2310 necessariis
975 2281 1028 2311 ac
1050 2268 1284 2324 grauibus)
1306 2283 1363 2312 ex
1385 2268 1612 2313 Societate
1634 2265 1816 2323 collegii
1833 2281 1913 2310 oe—

280 2323 515 2380 nipontani
537 2339 777 2380 germanos
798 2325 1137 2371 concionatores
1158 2334 1204 2372 et
1226 2327 1524 2372 confessarios
1546 2326 1789 2370 abduxisse
1807 2339 1911 2368 cum

279 2382 396 2426 serio
417 2384 630 2426 mandato
652 2390 698 2427 et
719 2383 886 2428 iudicio
907 2385 1076 2428 domini
1102 2387 1252 2430 locum
1281 2387 1479 2431 tenentis
1507 2394 1644 2442 atque
1666 2384 1805 2428 totius
1828 2398 1912 2427 au·-

277 2441 429 2485 striaci
447 2442 694 2499 regiminis,
719 2443 950 2487 dominum
972 2452 1192 2490 rectorem
1209 2447 1431 2504 Joannem
1458 2445 1672 2496 Dirsium,
1694 2458 1746 2486 ac
1763 2443 1911 2486 domi-

277 2515 385 2543 num
408 2502 688 2555 Hermetem,
713 2502 791 2557 qui
811 2503 942 2546 nobis
962 2511 1008 2548 et
1030 2504 1112 2548 toti
1133 2505 1278 2558 aulae,
1304 2519 1395 2548 non
1424 2506 1570 2548 solum
1592 2502 1908 2546 concionando

274 2574 328 2603 ac
349 2560 658 2604 confessiones
685 2561 925 2616 audiendo,
950 2563 1031 2607 sed
1058 2563 1194 2608 etiam
1223 2564 1271 2606 in
1299 2564 1453 2607 multis
1481 2563 1579 2606 aliis
1607 2561 1804 2619 negotiis
1826 2575 1911 2604 ne·

347 2717 355 2736 ¹
406 2715 465 2805 E(x
494 2716 713 2762 apographo
741 2716 890 2752 recenti
919 2728 997 2753 non
1029 2723 1209 2754 accurate
1242 2718 1346 2754 facto
1361 2747 1371 2766 ,
1406 2719 1446 2754 in
1481 2718 1613 2765 Epist.
1658 2715 1838 2759 canisii,
1874 2715 1910 2759 Ι,

276 2769 342 2806 147
362 2764 415 2789 ter
448 2765 549 2806 299)·
637 2766 639 2768 ’

341 2811 355 2830 ‘²
405 2809 464 2843 Ex
487 2814 730 2856 transumpto
756 2820 915 2857 coaevo,
938 2811 1101 2847 Romam
1131 2813 1264 2855 misso,
1283 2813 1321 2849 in
1346 2812 1445 2848 Cod.
1473 2821 1536 2857 39,
1555 2809 1702 2857 duplici
1727 2810 1819 2853 fol„
1843 2817 1911 2854 194

269 2855 367 2900 (278,
402 2858 500 2901 279).
532 2857 575 2891 In
604 2857 763 2904 antiquo
787 2858 998 2905 tabulario,
1024 2859 1075 2904 C,
1099 2860 1256 2904 §cx-383
1283 2860 1392 2901 item,
1424 2860 1575 2904 XX-27.
1608 2859 1652 2894 In
1671 2868 1824 2893 summa
1844 2867 1911 2891 ora

270 2902 416 2948 primae
434 2903 599 2949 paginae
616 2905 817 2951 responsio
833 2906 929 2941 haec
945 2906 1071 2942 Patris
1093 2908 1303 2954 generalis,
1323 2906 1480 2943 Polanci
1508 2918 1625 2941 manu
1651 2909 1824 2949 exarata,
1842 2904 1909 2938 ha-

269 2950 401 2985 betur:
424 2951 608 2987 Scriuere
632 2952 903 2988 rimittendosi
919 2953 962 2988 al
986 2952 1150 2990 Canisio
1173 2956 1238 2991 che
1262 2956 1294 2991 li
1312 2955 1497 3002 parlerd,
1516 2957 1554 2989 et
1571 2954 1636 2989 che
1654 2952 1910 2988 desideramo

266 2998 451 3040 serus'rle,
472 3001 509 3033 et
526 2998 568 3033 al
588 2998 751 3034 Canisio
768 3000 834 3035 che
853 3000 885 3035 li
901 3001 993 3036 dica
1009 3012 1116 3037 come
1132 3013 1212 3038 non
1230 3003 1263 3038 li
1284 3003 1474 3038 conuiene
1492 3002 1557 3037 che
1583 3001 1716 3036 stiano
1741 2999 1782 3034 ἰὰ
1801 2997 1893 3044 quel

270 3043 313 3087 li,
334 3047 404 3080 etc.
425 3045 525 3081 Vide
544 3045 662 3093 epist.
686 3045 771 3092 345,
790 3058 833 3082 n.
857 3054 897 3092 5.
