2196 3522
352 317 421 359 574
973 305 1116 345 Emsr.
1146 303 1190 345 P.
1219 303 1254 343 N
1257 313 1369 343 ADAL

353 412 592 465 ctorarius;
620 410 848 478 Compluti
870 424 950 468 per
967 424 1135 454 annum
1153 415 1231 453 aut
1247 408 1424 452 circiter
1441 409 1526 452 suit
1541 421 1715 464 coquus
1730 413 1776 453 et
1792 412 1982 463 emptor

354 471 680 528 peregrinatus
697 478 766 515 est
788 471 834 513 in
856 476 1120 527 paupertate
1141 467 1403 511 mendicans
1424 469 1481 511 ab
1501 469 1612 512 vrbe
1629 466 1986 513 Salmanticense

352 546 495 587 vsque
517 532 574 574 ad
595 530 838 574 Dominam
861 538 1062 573 nostram
1084 530 1141 573 de
1172 528 1456 584 Guadelupe.
1502 539 1567 582 17.
1600 529 1644 571 A
1672 534 1873 583 tempore
1895 540 1985 581 quo

354 593 500 634 factus
522 598 590 634 est
611 591 838 643 sacerdos,
863 592 952 632 hoc
973 596 1058 641 est,
1083 589 1140 631 ab
1162 601 1281 630 anno
1309 597 1435 654 1549,
1460 586 1667 630 incubuit
1688 585 1983 630 confessioni-

351 652 438 693 bus
461 649 718 703 audiendis3
743 649 1040 692 concionatus
1068 654 1136 692 est
1159 646 1434 713 aliquando
1423 661 1470 689 1n
1492 645 1747 690 carceribus
1767 652 1812 689 et
1833 644 1878 687 in
1903 644 1983 687 tri-

355 709 555 754 remibus
578 709 870 765 Lyssiponae.
896 709 1006 751 Item
1029 714 1074 750 et
1096 706 1166 762 ijs,
1193 705 1269 762 qui
1292 706 1349 748 ab
1370 705 1546 750 haeresi
1567 704 1791 757 conuersi,
1821 719 1983 772 perpe-

355 768 446 812 tuis
467 767 709 812 adiudicati
731 775 838 812 sunt
859 766 1131 812 carceribus.
1153 767 1263 809 Item
1282 773 1326 809 et
1343 779 1527 809 cursum
1545 764 1708 808 artium
1722 763 1834 820 legit
1850 763 1984 819 quin-

355 842 444 895 que
460 835 539 871 aut
561 842 640 870 sex
662 828 875 871 fratribus
897 826 1096 869 nostris..
1109 837 1216 868 .21.
1242 826 1502 880 Numquam
1531 826 1752 867 hactenus
1774 822 1859 866 fuit
1879 837 1985 866 exa-

354 887 567 939 minatus,
592 887 679 930 nisi
700 887 871 931 semel
860 902 905 929 111
930 860 1150 941 Hispania
1177 886 1468 941 Methymnae
1489 883 1649 939 Campi
1676 896 1795 926 anno
1829 892 1938 949 1553
1960 897 1987 925 a

357 946 629 990 Reuerentia
651 948 765 990 tua¹
774 981 784 1000 ,
808 953 853 991 et
874 945 944 988 bis
966 945 1203 988 confessus
1225 951 1294 988 est
1316 942 1603 1000 generaliter,
1628 943 1822 987 reddens
1850 941 1987 984 ratio--

356 1021 459 1051 nem
483 1005 786 1050 conscientiae
802 1019 926 1049 suae.
949 1004 1066 1061 [Sclz.
1073 1004 1096 1061 ]-
1105 1005 1147 1046 6.
1169 1004 1306 1047 Anno
1323 1002 1542 1059 superiori
1561 1001 1815 1058 theologiae
1831 1001 1988 1044 doctor

362 1067 508 1109 factus
537 1072 605 1109 est
633 1064 848 1109 Treuiris.
880 1064 1044 1121 [Magn]
1082 1076 1119 1107 Ι.
1146 1063 1298 1108 Semel
1326 1062 1480 1106 docuit
1510 1061 1783 1105 curriculum
1806 1059 1985 1127 artium,

359 1126 439 1169 sed
468 1123 740 1169 domesticos
770 1131 962 1176 tantum,
1002 1123 1139 1178 idque
1166 1129 1271 1165 ante
1303 1136 1448 1165 annos
1485 1136 1668 1165 nouem.
1711 1119 1905 1164 Tornaci
1941 1118 1988 1162 in

359 1185 471 1228 aede
493 1183 650 1227 maiori
677 1185 734 1227 D.
767 1183 936 1227 Mariae
963 1181 1115 1238 spacio
1143 1181 1344 1238 quinque
1371 1187 1450 1225 aut
1477 1195 1557 1224 sex
1583 1179 1806 1224 mensium
1834 1178 1989 1223 docuit

357 1244 539 1300 publice
560 1243 772 1299 epistolas
793 1245 851 1286 D.
880 1242 1025 1294 Pauli,
1050 1240 1237 1293 scilicet,
1271 1242 1385 1283 duas
1407 1241 1464 1283 ad
1481 1240 1770 1284 Timotheum
1787 1246 1832 1283 et
1852 1253 1986 1281 vnam

358 1304 415 1346 ad
439 1302 608 1346 Titum.
635 1301 835 1346 Treuiris
856 1316 934 1358 per
956 1299 1277 1356 sesquiannum
1301 1299 1542 1356 explicauit
1564 1297 1897 1342 controuersias
1917 1297 1985 1340 in—

362 1370 430 1407 ter
451 1361 698 1405 catholicos
719 1370 764 1404 et
787 1361 1024 1405 hereticos.
1051 1360 1144 1417 [1V,
1176 1360 1273 1414 161,
1305 1360 1401 1412 162,
1433 1360 1530 1412 166,
1561 1359 1657 1417 167]

454 1434 490 1464 1.
557 1422 710 1465 Vocor
732 1420 951 1463 Melclzior
986 1419 1187 1463 chlzler.
1228 1431 1269 1462 2.
1301 1420 1463 1462 Annos
1499 1425 1633 1462 natus
1661 1432 1761 1461 sum
1791 1416 1844 1475 (si
1870 1417 1990 1461 bene

359 1479 557 1535 memini)
588 1492 659 1535 23.
693 1493 733 1535 3.
774 1481 1048 1532 Germanus,
1088 1494 1144 1523 ex
1180 1477 1397 1521 comitatu
1432 1477 1683 1545 Tyrolensi,
1718 1476 1862 1533 patria
1883 1490 1990 1520 vero

361 1539 634 1606 Sterzingen
675 1538 928 1582 oriundus..
999 1551 1041 1593 7.
1088 1539 1212 1582 Ante
1250 1537 1506 1594 ingressum
1541 1536 1616 1594 egi
1654 1536 1914 1602 studiosum·
1943 1534 1988 1578 in

359 1598 655 1643 uniuersitate
691 1598 923 1654 dilingana
950 1605 996 1642 et
1032 1596 1389 1653 ingolstadiensi.
1427 1609 1492 1640 12.
1525 1598 1638 1640 Tres
1673 1602 1780 1639 sunt
1812 1594 1918 1638 anni
1945 1601 1992 1637 et

360 1658 530 1713 aliquot
556 1672 750 1710 menses,
775 1672 830 1701 ex
869 1672 960 1712 quo
989 1657 1035 1700 in
1073 1656 1345 1701 Societatem
1383 1662 1592 1722 receptus
1628 1670 1750 1708 sum;
1783 1661 1992 1722 receptus

359 1725 510 1761 autem
548 1717 828 1773 Ingolstadij3
868 1732 1025 1773 verum
1062 1715 1213 1760 statim
1246 1718 1442 1772 Pragam
1473 1715 1653 1769 missus,
1694 1714 1772 1757 ubi
1808 1714 1943 1759 etiam
1965 1727 1992 1756 a

360 1778 473 1820 Rdo.
501 1779 637 1820 Patre
657 1776 921 1833 prouinciali
945 1775 1227 1820 examinatus
1250 1775 1348 1818 fui..
1361 1809 1369 1818 .
1402 1787 1467 1829 14.
1488 1773 1678 1830 Suscepi
1695 1780 1889 1830 quatuor
1906 1772 1992 1816 mi-

360 1851 494 1880 nores
515 1835 710 1879 ordines.
743 1846 808 1890 15.
841 1835 941 1887 Fui,
973 1851 1030 1879 ex
1050 1849 1141 1890 quo
1165 1834 1437 1879 Societatem
1466 1833 1699 1891 ingressus
1729 1847 1845 1885 sum,
1878 1834 1991 1876 Pra-

360 1911 447 1952 gae
468 1902 514 1938 et
536 1895 754 1939 Viennae.
780 1894 926 1938 Docui
949 1894 995 1937 in
1017 1895 1171 1938 schola
1193 1894 1347 1937 infima
1367 1894 1655 1950 alphabetum
1673 1900 1718 1937 et
1739 1891 1989 1935 doctrinam

359 1954 647 1998 christianam
670 1968 748 2011 per
771 1955 798 1997 6
826 1968 1018 1998 menses.
1052 1954 1166 2010 Legi
1193 1961 1424 2010 praeterea
1453 1952 1500 1995 in
1528 1953 1670 1997 classe
1697 1950 1991 1995 humanitatis

365 2017 542 2070 Pragae
565 2028 643 2070 per
664 2026 692 2068 4
713 2027 906 2058 menses.
933 2011 1027 2071 [IV‚
1059 2012 1155 2072 197]

457 2086 493 2117 1.
558 2075 709 2118 Vocor
728 2073 923 2116 Μίεήαὲἰ
944 2073 1143 2115 Marius.
1171 2084 1212 2115 2.
1239 2070 1388 2128 Attigi
1406 2084 1456 2127 31
1479 2072 1550 2115 vel
1568 2083 1622 2126 32
1641 2085 1827 2125 annum,
1846 2085 1990 2126 quan>

363 2141 458 2179 tum
480 2133 695 2189 colligere
722 2147 920 2188 possum.
955 2145 995 2187 3.
1029 2131 1223 2176 Natione
1250 2145 1509 2187 germanus,
1535 2130 1770 2187 prouincia
1797 2131 1993 2174 bauarus

362 2191 744 2248 eychstetensis...
778 2204 842 2234 12.
870 2193 1037 2235 Versor
1058 2205 1179 2234 nunc
1200 2190 1247 2232 in
1269 2190 1495 2235 Societate
1526 2191 1582 2233 ab
1604 2204 1723 2233 anno
1741 2204 1791 2233 M.
1811 2204 1857 2233 D.
1879 2204 1923 2233 1..
1945 2203 1989 2241 v,

365 2266 389 2294 a
423 2252 537 2295 Rdo.
571 2254 706 2295 Patre
734 2251 904 2294 Lanoio
926 2250 971 2292 in
999 2250 1191 2306 collegio
1218 2249 1453 2306 viennensj
1477 2249 1522 2291 in
1551 2249 1737 2293 Austria
1764 2255 1990 2304 receptus,

363 2310 609 2366 praemisso
630 2310 837 2354 examine
858 2309 1077 2365 generali.
1116 2322 1182 2364 14.
1210 2311 1449 2352 Promotus
1472 2308 1519 2351 in
1545 2309 1786 2352 diaconum
1808 2314 1914 2352 ante
1942 2308 1991 2351 18

365 2384 559 2414 menses.
592 2380 657 2424 15.
684 2371 719 2412 F
723 2369 766 2425 uj
789 2369 832 2411 in
862 2368 1097 2413 viennensi
1126 2368 1334 2425 collegio,
1365 2383 1567 2421 romano,
1599 2366 1922 2420 monachiensi,
1947 2374 1993 2410 et

365 2443 488 2472 nunc
515 2443 671 2472 versor
697 2428 744 2471 in
771 2427 1129 2484 ingolstadiensi.
1168 2429 1233 2471 16.
1266 2427 1489 2471 Exercitia
1517 2426 1764 2483 spiritualia
1793 2434 1860 2470 ter
1888 2426 1988 2469 feci.

365 2487 514 2532 Docui
536 2502 700 2544 pueros
722 2502 802 2544 per
824 2487 994 2543 aliquot
1019 2502 1178 2540 annos,
1209 2487 1388 2531 circiter
1416 2493 1624 2542 quatuor.
1657 2486 1742 2530 Fui
1769 2485 1991 2528 submini—

366 2555 458 2591 ster
480 2555 525 2591 et
548 2546 812 2590 ministeriu
829 2549 915 2590 hoc
933 2546 1126 2603 collegio
1147 2554 1193 2590 et
1210 2546 1518 2589 monachiensi
1540 2546 1597 2589 ab
1620 2545 1725 2588 hinc
1749 2545 1892 2588 tribus
1909 2559 1991 2588 an-

366 2606 453 2661 nis,
474 2622 530 2651 ex
548 2621 638 2662 quo
654 2605 864 2650 videlicet
881 2606 984 2649 veni
1002 2622 1057 2650 ex
1074 2607 1201 2650 urbe.
1225 2605 1362 2663 [Sclz.]
1386 2618 1402 2649 1
1414 2640 1423 2648 .
1444 2605 1719 2661 Exprofesso
1736 2605 1871 2647 nullis
1893 2611 1993 2647 stu-

367 2666 452 2721 dijs
474 2667 531 2709 ab
553 2665 763 2722 ingressu
787 2665 1027 2710 Societatis
1049 2665 1251 2720 incubuj,
1271 2672 1447 2721 praeter
1464 2679 1603 2708 vnum
1620 2679 1788 2708 annum
1806 2665 1990 2715 Romae,

367 2726 441 2781 vbj
466 2725 746 2769 dialecticam
774 2725 943 2780 audiuj.
973 2726 1066 2781 [1V,
1093 2726 1194 2777 226,
1221 2724 1321 2782 227]

464 2797 499 2827 1.
565 2785 762 2827 Miclzae'l
779 2785 930 2828 Notes.
955 2796 996 2827 2.
1023 2796 1074 2828 21
1101 2791 1180 2827 aut
1204 2796 1273 2827 22.
1303 2797 1344 2838 3.
1371 2782 1603 2827 Cameraci
1625 2789 1774 2835 natus,
1800 2781 1897 2825 siue
1918 2795 1995 2824 ca-

369 2844 696 2888 meracensis...
724 2854 765 2898 7.
793 2843 1063 2887 Medicinam
1084 2850 1130 2886 et
1152 2843 1568 2899 pharmacopoleam
1591 2849 1733 2886 artem
1755 2841 1992 2896 sequebar,

369 2903 415 2945 in
437 2918 580 2958 eaque
604 2911 694 2946 tres
715 2917 857 2946 annos
878 2909 1086 2946 versatus
1107 2917 1263 2945 sum...
1305 2914 1370 2945 12.
1400 2904 1529 2945 Duos
1556 2916 1699 2945 annos
1721 2908 1766 2944 et
1787 2899 1994 2943 dimidia—

370 2970 481 3005 tum.
508 2964 551 3005 A
576 2965 709 3006 Patre
734 2962 930 3005 Polanco
953 2969 999 3004 et
1020 2961 1155 3006 etiam
1178 2961 1327 3006 Natali
1346 2963 1530 3014 Romae,
1551 2967 1597 3004 et
1613 2960 1893 3005 examinatus
1910 2958 1990 3001 fui.

445 3095 455 3115 ¹
505 3092 630 3140 Supra
647 3094 743 3129 haec
761 3094 880 3129 verba
899 3092 1074 3130 additum
1092 3098 1152 3129 est
1170 3093 1219 3129 ab
1237 3092 1320 3140 ipso
1337 3091 1510 3140 Capella:
1530 3093 1574 3128 id
1591 3095 1660 3136 est,
1679 3104 1702 3128 a
1723 3091 1881 3128 Natali.
