2196 3522
952 307 1043 352 1558
1765 308 1808 342 61

186 408 406 453 Probauit
441 408 644 453 inchoari
681 409 1099 467 congregationem.
1133 409 1388 454 Benedixit.
1421 409 1662 467 Suppleuit
1688 410 1816 453 defe-

188 493 306 541 ctus,
331 493 419 531 etc.
444 485 572 530 Dixit
592 493 825 543 praeterea
839 487 957 531 velle
973 501 1057 531 nos
1069 486 1136 529 vti
1152 494 1309 531 nostra
1327 487 1552 541 libertate3
1573 493 1749 530 tantum
1768 494 1817 529 vt

187 562 427 608 interesset
448 563 795 620 congregationi
811 563 1051 607 cardinalis
1074 566 1310 609 Pachecus
1324 565 1428 608 loco
1445 563 1692 620 carpensis,
1710 579 1813 627 pro—

191 639 390 693 tectoris,
416 640 493 696 qui
516 647 612 685 erat
632 641 797 684 absens
823 641 851 684 ¹.

278 716 454 760 Detulit
477 719 529 761 P.
557 718 792 762 Salmeron
813 718 870 761 ad
889 719 1069 761 Patrem
1085 717 1304 761 vicarium
1320 718 1501 763 audisse
1516 733 1566 763 se
1583 733 1609 762 a
1626 720 1679 762 P.
1700 719 1807 763 Leo·

190 795 347 847 nardo,
371 800 547 838 rectore
568 793 831 846 coloniensi,
856 794 978 850 quod
999 793 1170 837 diceret
1193 795 1245 837 P.
1272 793 1511 838 Cornelius
1536 794 1819 839 Wischauen

190 873 243 914 Ρ.
255 872 463 916 Natalem
481 871 685 915 futurum
701 872 977 928 generalem:
991 870 1134 914 mouit
1149 872 1236 914 hoc
1255 873 1438 915 Patrem
1453 871 1687 924 vicarium,
1707 886 1819 915 con-

189 947 364 991 uocatis
386 947 558 1003 aliquot
580 947 809 1000 Patribus,
834 955 880 992 et
900 947 1019 992 inter
1046 961 1125 991 eos
1142 947 1308 991 Natali:
1327 947 1562 1004 proposuit
1584 962 1699 1003 quae
1719 949 1813 992 111

190 1023 410 1069 audierat:
436 1024 626 1082 negauit
646 1038 695 1068 se
722 1024 963 1080 quicquam
991 1023 1107 1067 scire
1131 1025 1184 1067 P.
1210 1025 1485 1068 Euerardus:
1511 1024 1688 1068 Natalis
1707 1025 1822 1069 dixit

190 1100 364 1145 nescire
386 1101 495 1158 quid
516 1100 588 1158 alij
612 1101 770 1144 dicunt
791 1102 849 1146 de
869 1114 936 1153 se,
966 1115 1050 1144 nec
1078 1114 1253 1145 curare:
1287 1102 1447 1145 Patres
1474 1116 1607 1158 posse
1635 1103 1821 1147 credere

192 1178 317 1233 quod
337 1178 523 1223 vellent:
547 1191 597 1222 se
617 1192 709 1221 non
730 1185 1004 1221 commotum
1027 1177 1096 1230 iri,
1122 1179 1209 1221 X.0
1234 1177 1447 1234 propitio,
1470 1179 1607 1221 modo
1631 1185 1796 1224 testare
1810 1206 1821 1211 -

193 1261 267 1300 tur
288 1268 439 1298 coram
459 1257 559 1301 Deo
579 1254 743 1298 iniuria
763 1254 808 1297 id
829 1254 982 1298 vocari
1003 1254 1051 1298 in
1072 1254 1417 1298 dubitationem:
1443 1262 1490 1300 et
1512 1262 1664 1300 tamen
1680 1255 1819 1300 inter-

193 1331 377 1388 rogauit
392 1346 446 1375 ea
460 1332 519 1377 de
539 1345 591 1375 re
606 1333 743 1375 Pater
758 1331 955 1375 vicarius
976 1346 1056 1389 per
1077 1332 1346 1386 Polancum,
1366 1331 1444 1387 qui
1460 1331 1733 1377 videbantur
1750 1333 1821 1376 in-

194 1408 470 1465 terrogandi,
495 1408 573 1464 qui
595 1422 736 1464 quum
758 1422 917 1454 omnes
937 1416 1161 1466 negarent
1182 1423 1232 1453 se
1253 1407 1494 1464 quicquam
1517 1408 1650 1462 scire,
1678 1409 1821 1454 desti-

193 1485 246 1528 tit
267 1487 405 1530 Pater
424 1485 635 1530 vicarius.
665 1485 673 1544 Ι
701 1498 752 1530 21
779 1485 892 1543 Iunij
917 1493 1105 1543 coeptae
1126 1492 1234 1529 sunt
1259 1485 1418 1529 haberi
1438 1486 1823 1544 congregationes

191 1563 249 1606 de
268 1562 340 1619 ijs,
364 1577 482 1618 quae
502 1570 600 1607 erat
620 1577 858 1607 necessum
886 1563 1166 1607 constituere
1193 1569 1300 1607 ante
1326 1562 1613 1607 electionem.
1646 1564 1765 1609 Sunt
1795 1577 1821 1619 7

188 1640 350 1683 diebus
368 1639 512 1683 habiti
533 1647 804 1685 conuentus:
829 1646 1002 1694 extant,
1021 1653 1139 1695 quae
1155 1638 1344 1684 definita
1358 1647 1483 1693 sunt,
1502 1639 1550 1683 in
1566 1639 1680 1684 actis
1696 1640 1820 1697 prio—

193 1715 318 1760 ribus
339 1716 506 1774 primae
527 1716 915 1774 congregationis,
937 1723 985 1760 et
1004 1715 1131 1759 iuxta
1153 1718 1263 1760 haec
1279 1723 1382 1760 acta
1398 1723 1625 1761 transacta
1641 1724 1712 1762 est
1726 1718 1821 1762 ele-

194 1793 303 1837 ctio:
328 1794 374 1837 in
401 1793 515 1838 actis
541 1808 651 1839 vero
680 1793 1005 1850 posterioribus
1036 1793 1206 1837 dictum
1235 1807 1370 1850 quam
1399 1793 1719 1838 authoritatem
1746 1794 1823 1838 illa

193 1877 295 1914 acta
314 1870 463 1928 priora
483 1878 635 1915 essent
655 1870 866 1914 habitura
886 1870 933 1913 in
958 1869 1285 1927 posterioribus
1306 1881 1415 1914 λᾶε.
1442 1871 1562 1916 Sunt
1582 1873 1823 1915 emendata

195 1947 345 2004 aliqua
365 1963 421 1993 ex
443 1955 586 2004 parte,
611 1947 699 1991 alia
719 1948 999 1991 confirmata.

282 2025 438 2069 Voluit
463 2039 668 2068 summus
694 2023 897 2081 pontifex
922 2024 1186 2069 re112ferri
1213 2025 1270 2068 ad
1301 2039 1351 2068 se
1378 2040 1457 2081 per
1483 2026 1823 2070 alexandrinum

193 2108 240 2145 et
267 2109 524 2146 tranensem
551 2102 608 2145 de
635 2100 808 2146 ratione
836 2100 1084 2146 electionis:
1114 2101 1325 2158 probauit
1354 2101 1521 2156 omnia,
1546 2109 1723 2159 praeter
1743 2117 1824 2146 ex—

195 2178 628 2223 communicationes
649 2177 748 2221 illas
768 2192 969 2230 seueras,
994 2184 1103 2231 etc.;
1128 2178 1209 2220 sed
1230 2178 1286 2221 de
1306 2178 1378 2222 his
1398 2178 1444 2221 in
1467 2178 1580 2222 actis
1601 2179 1828 2235 prioribus

193 2255 313 2300 illius
327 2254 716 2313 congregationis.
742 2254 870 2298 Dixit
890 2269 983 2298 non
1004 2268 1105 2298 esse
1125 2254 1381 2299 absentium
1413 2255 1631 2312 suffragia
1659 2255 1824 2299 admit-

196 2334 345 2377 tenda.
371 2334 636 2377 Inchoatum
658 2331 949 2389 quatriduum
973 2332 1028 2375 28
1050 2331 1181 2388 Iunij.
1206 2331 1379 2375 Indicta
1406 2331 1589 2385 ieiunia,
1620 2334 1825 2390 flagella-

198 2409 361 2463 tiones,
385 2409 565 2463 missae,
589 2416 696 2454 etc.:
722 2409 842 2452 facta
862 2415 932 2452 est
951 2408 1209 2452 informatio
1229 2423 1285 2452 ex
1307 2409 1518 2461 formula,
1544 2409 1587 2452 in
1607 2424 1697 2465 qua
1712 2409 1825 2453 illud

198 2493 268 2531 est
288 2485 583 2530 dificillimum
603 2492 650 2531 et
670 2486 855 2542 plenum
882 2485 1098 2542 periculo,
1122 2492 1173 2528 vt
1193 2486 1325 2541 plane
1346 2485 1405 2529 sit
1432 2500 1671 2530 necessum
1707 2486 1827 2532 inter

197 2564 419 2608 electores
434 2563 612 2620 vulgari
627 2562 778 2606 omnia
793 2564 910 2607 mala
926 2562 1236 2620 primariorum
1255 2565 1459 2615 Patrum,
1478 2562 1614 2606 etiam
1630 2570 1820 2615 secreta,

198 2641 333 2683 modo
354 2654 412 2683 ne
431 2638 479 2682 in
499 2639 782 2684 confessione
809 2639 817 2698 Ι
843 2639 1155 2684 sacramentali
1176 2638 1393 2694 sciantur,
1412 2640 1533 2695 quod
1551 2654 1641 2683 non
1663 2640 1827 2696 singu—

198 2719 292 2762 lare
312 2715 634 2759 detrimentum
655 2716 816 2760 afferre
836 2723 987 2772 potest
1009 2715 1245 2761 Societati.

288 2793 514 2838 Absoluta
545 2792 658 2834 hora
693 2791 924 2846 orationis,
963 2791 1203 2837 cardinalis
1240 2794 1491 2845 Pachecus‚
1527 2791 1604 2847 qui
1640 2791 1827 2837 nomine

199 2870 330 2916 Pauli
350 2869 565 2912 intererat
585 2866 811 2921 electioni,
828 2874 932 2924 post
952 2882 1114 2924 pauca,
1133 2882 1251 2924 quae
1268 2868 1325 2911 ad
1342 2868 1699 2913 exhortationem
1717 2868 1823 2912 atti-

197 2949 382 2999 nebant,
406 2944 519 2988 dixit
539 2944 822 2987 obseruanda
841 2943 888 2986 in
909 2943 1146 2999 electione,
1169 2950 1220 2987 vt
1240 2943 1436 3001 eligatur
1452 2944 1699 3002 legitimus,
1719 2959 1827 3002 pro-

197 3026 331 3068 batae
353 3022 470 3065 vitae
492 3027 538 3065 et
559 3018 961 3082 sanaevdoctrinae:
987 3019 1218 3066 dubitasse
1247 3021 1446 3065 Paulum
1463 3036 1519 3064 an
1547 3027 1667 3066 esset
1699 3022 1827 3065 futu—

273 3116 283 3135 ¹
333 3111 591 3153 SAccmNUS,
609 3109 683 3144 loc.
699 3107 783 3149 cit„
801 3119 868 3143 nn.
892 3115 948 3154 17,
971 3107 1030 3143 18.

341 3183 455 3211 Emr.
474 3180 509 3210 P.
530 3179 660 3214 ΝΑοΑι,
678 3181 760 3208 τοι·
779 3177 823 3207 11.
1629 3182 1646 3207 6
