2196 3522
736 301 926 339 Sssctmm
949 309 1177 353 vounmns
1203 309 1442 338 concmsro
1839 299 1912 345 679

269 403 410 448 fuisse
431 418 566 448 suum
588 403 879 458 desiderium,
905 404 1028 459 quod
1050 403 1107 447 ad
1128 403 1325 459 priorem
1352 409 1526 460 partem
1554 402 1794 456 attinebat,
1818 401 1908 445 sci-

269 487 391 541 lieet,
416 495 467 531 ut
488 487 730 545 episeopus
751 487 1000 544 petinensis
1022 502 1049 530 a
1070 500 1254 532 caesare
1282 487 1339 530 ad
1366 492 1646 531 conventum
1668 485 1909 542 theologo-

272 586 372 615 rum
394 570 740 626 adsciseeretur;
760 571 971 626 ideoque,
992 570 1050 613 ad
1066 570 1234 613 calcem
1253 570 1470 626 epistolae
1495 577 1585 612 tam
1602 570 1771 612 laetum
1788 583 1911 611 111111-
1942 583 1945 586 ·

273 653 385 696 tium
407 654 625 706 scribens,
650 655 763 698 haec
785 654 843 699 de
870 654 1011 698 altera
1037 668 1087 698 re
1108 651 1193 696 sibi
1215 652 1350 696 etiam
1382 651 1660 709 optatissima
1682 650 1912 706 adjunge—

271 737 365 781 bat:
389 738 557 782 «Come
572 738 758 793 dunque
773 737 818 780 io
834 739 894 779 m’
915 737 1071 794 alegro
1087 735 1220 780 dicio
1238 750 1326 779 0011
1344 737 1385 779 10
1402 736 1485 780 SS.
1506 736 1609 779 VV.
1630 735 1763 778 111.111εέ
1779 767 1789 786 ,
1814 734 1910 777 0051

269 821 313 866 10
334 822 508 878 suplico
530 823 588 864 da
609 836 731 865 nouo
753 807 854 874 che,
879 820 1093 864 accioehe
1115 819 1257 863 siamo
1279 819 1326 863 in
1348 820 1499 863 sicuro
1515 819 1560 862 di
1577 826 1706 876 poter
1722 818 1909 863 intiera—

270 912 421 949 mente
443 904 679 961 alegrarci,
704 904 765 947 mi
787 904 964 948 saccino
988 903 1116 948 uenir
1143 903 1221 960 qui
1249 903 1280 947 il
1310 910 1435 947 tanto
1463 905 1521 947 da
1549 917 1622 946 me
1650 902 1910 946 desiderato

272 988 418 1032 Padre
440 988 617 1040 Natale,
642 989 808 1044 perche
830 1002 916 1031 con
939 994 1008 1032 tre
1029 987 1134 1030 uoti·
1154 989 1262 1031 ch’o
1290 986 1506 1044 dissegno
1534 988 1703 1030 hauere
1732 985 1909 1028 unifor—

270 1078 495 1115 memente
517 1070 872 1126 catholicissimi,
897 1071 1108 1130 nonysolo
1127 1071 1365 1128 preualero
1387 1070 1497 1128 ogni
1518 1083 1707 1115 erronea
1729 1068 1910 1125 opinio-

270 1169 344 1207 ne,
369 1155 486 1198 nella
508 1155 640 1211 quale
661 1155 980 1200 accordassero
1000 1156 1065 1212 gl’
1085 1154 1186 1198 altri
1207 1155 1299 1208 doi,
1325 1170 1398 1198 ma
1418 1169 1470 1198 so
1491 1161 1617 1198 certo
1634 1153 1736 1197 chel
1754 1152 1911 1197 Seldio

225 1291 231 1298 ι
271 1241 493 1282 conuerra
514 1238 700 1283 referire
720 1253 747 1282 a
767 1239 862 1284 Sua
884 1239 1079 1283 Cesarea
1110 1240 1285 1283 Maesta
1313 1240 1399 1283 che
1426 1237 1471 1280 in
1495 1252 1601 1280 cose
1629 1234 1907 1292 theologice,

269 1320 299 1363 li
321 1321 466 1378 pareri
483 1323 557 1367 del
573 1321 780 1379 Sta‘philo
796 1337 888 1366 non
906 1337 1019 1366 sono
1035 1337 1228 1379 sempre,
1251 1337 1444 1379 sempre,
1465 1320 1698 1366 securi...»
1720 1321 1778 1362 Et
1794 1321 1909 1362 haec

269 1402 450 1458 quidem
467 1404 635 1461 scripta
646 1404 833 1450 fuerunt
850 1403 923 1450 die
935 1404 1176 1448 undecima
1187 1403 1437 1449 Februarii.
1459 1403 1614 1448 Tertio
1636 1410 1788 1446 autern
1805 1407 1907 1458 post

266 1487 380 1530 haec
400 1486 489 1540 die,
514 1487 688 1533 scilicet
708 1488 883 1533 decima
904 1495 1066 1544 quarta
1082 1488 1285 1545 ejusdem
1310 1487 1493 1539 mensis,
1519 1486 1726 1544 gaudens
1747 1485 1906 1530 iisdem

265 1569 548 1626 praesidibus
568 1571 747 1615 concilii
768 1573 1015 1616 adventum
1036 1571 1206 1615 laudati
1233 1572 1381 1616 Patris
1401 1571 1527 1614 111500
1548 1569 1699 1614 verbis
1721 1567 1908 1612 nuntia-

266 1653 360 1696 bat:
378 1655 596 1698 «essendo
613 1654 691 1711 qui
706 1669 942 1712 comparso
959 1656 1064 1711 quel
1084 1656 1230 1699 Padre
1247 1656 1410 1699 Natale
1420 1654 1590 1711 jesuita
1606 1654 1665 1696 da
1686 1667 1758 1697 me
1780 1658 1908 1696 tanto

268 1737 537 1793 desiderato,
562 1739 797 1783 attendero
818 1753 904 1783 con
926 1745 1053 1783 tanto
1073 1738 1152 1796 piu
1175 1739 1326 1783 animo
1347 1754 1373 1782 a
1390 1752 1605 1795 procurar
1623 1743 1740 1780 tutto
1757 1735 1909 1793 quello

268 1821 354 1864 che
374 1822 475 1864 sara
496 1819 733 1877 possibile»
761 1821 894 1879 (219).

356 1902 532 1947 Natalis
547 1909 716 1956 autem,
737 1903 1044 1961 Oenipontem
1069 1904 1333 1958 adveniens,
1354 1902 1623 1961 gravissima
1645 1901 1732 1946 sibi
1758 1915 1904 1958 nego-

266 1986 329 2030 tia
349 1985 589 2030 commissa
610 1985 991 2041 animadvertens,
1010 1986 1159 2031 noluit
1180 2001 1229 2032 se
1251 1988 1397 2031 solum
1420 1985 1467 2029 in
1491 1993 1582 2029 tam
1604 1985 1902 2042 procellosum

265 2083 388 2113 mare
409 2068 706 2123 committere.
724 2069 809 2133 'Ad
837 2084 971 2114 suum
999 2069 1307 2128 praepositum
1337 2069 1564 2122 Lainium,
1590 2067 1834 2111 tridentino
1855 2066 1902 2109 in

263 2151 455 2197 concilio
487 2151 820 2208 quantumlibet
857 2152 1012 2197 arduis
1040 2153 1416 2212 occupationibus
1444 2152 1715 2204 distentum,
1747 2151 1905 2194 oculos

263 2235 415 2279 statim
437 2234 677 2288 convertit,
702 2235 890 2279 ductum
911 2236 1028 2292 ejus,
1052 2237 1260 2290 consilia,
1293 2250 1450 2293 preces
1479 2235 1618 2279 totius
1645 2233 1899 2285 Societatis,

263 2317 350 2362 sibi
371 2317 626 2363 necessaria
648 2317 930 2376 intelligens,
961 2335 1016 2364 ea
1042 2319 1192 2364 omnia
1224 2320 1357 2364 enixe
1378 2319 1614 2376 efflagitat,
1649 2324 1700 2360 ut
1721 2332 1776 2361 ex
1811 2319 1903 2360 Po-

265 2401 384 2446 lanci
406 2400 650 2457 responsis,
674 2401 760 2458 ipsi
782 2415 839 2445 ex
865 2402 1180 2449 commissione
1203 2403 1352 2448 Patris
1372 2402 1541 2447 Lainez
1562 2400 1695 2453 datis,
1729 2399 1904 2444 eruitur

267 2486 387 2543 (213,
419 2497 520 2539 214,
548 2485 664 2542 215).
701 2485 819 2530 Cum
847 2492 999 2530 autem
1027 2485 1073 2530 in
1102 2486 1304 2530 articulis
1331 2501 1358 2530 a
1386 2484 1611 2541 theologis
1637 2483 1900 2527 examinan-

266 2567 336 2611 dis
359 2567 646 2624 quaestiones
667 2567 962 2625 gravissimae
983 2570 1041 2631 de
1061 2569 1269 2623 concilio,
1294 2570 1350 2613 de
1378 2574 1605 2626 potestate
1626 2568 1898 2623 legatorum,

264 2651 322 2696 de
343 2650 516 2696 ratione
538 2650 811 2695 reformandi
833 2651 1095 2707 pontificem
1116 2653 1306 2709 ejusque
1327 2652 1517 2704 curiam,
1536 2651 1594 2695 de
1616 2649 1898 2694 communio-

259 2748 319 2778 ne
340 2734 426 2777 sub
449 2740 641 2789 utraque
662 2733 829 2791 specie,
853 2735 911 2779 de
932 2736 1149 2793 conjugio
1172 2736 1455 2789 clericorum,
1482 2742 1590 2789 etc.‚
1610 2733 1902 2778 contineren-

258 2824 349 2876 tur,
374 2831 465 2872 quo
486 2816 743 2860 accuratius
763 2823 810 2861 et
831 2818 888 2861 ad
904 2825 1103 2864 mentem
1119 2819 1191 2863 sui
1207 2818 1454 2876 praepositi
1476 2833 1605 2862 suam
1627 2816 1898 2861 sententiam

257 2913 510 2957 proponere
535 2906 711 2956 posset,
742 2900 911 2958 scripta
939 2901 1088 2946 Patris
1115 2902 1283 2947 Lainez
1314 2903 1372 2947 de
1401 2902 1526 2945 hisce
1554 2899 1900 2956 quaestionibus

196 2979 199 2982 ’
258 2982 344 3027 sibi
365 2981 482 3025 mitti
498 2983 746 3039 postulavit
762 2984 897 3041 (214).
918 2983 1088 3028 Canisii
1104 2999 1287 3042 operam
1308 2985 1356 3028 in
1377 2984 1532 3041 primis
1549 2983 1704 3028 utilem
1723 2989 1895 3033 censet,

256 3066 478 3121 illumque
501 3065 761 3123 Oeniponte
787 3081 971 3112 manere
997 3074 1142 3121 curat,
1166 3068 1312 3113 donec
1334 3075 1425 3112 tam
1454 3066 1613 3125 gravia
1633 3065 1819 3123 negotia
1840 3066 1898 3108 ad
