2196 3522
278 244 347 290 372
836 242 978 277 EPIST.
1010 239 1055 276 Ρ.
1083 227 1353 276 ΝΛΜ-306

271 345 422 391 recido
454 349 479 388 3
508 346 565 388 Ν.
602 346 655 388 Ρ.
688 342 993 388 conueniente
1029 356 1118 398 que
1148 356 1265 398 uaya
1299 345 1326 385 a
1364 341 1628 399 Portugallo
1668 342 1703 395 ¹;
1734 355 1908 398 porque

271 431 402 466 staua
424 437 552 479 come
574 436 637 464 un
658 421 852 464 hombre
871 418 1033 464 insitile
1057 418 1477 464 enflacheciendose
1504 419 1618 463 cada
1638 419 1712 462 dia
1732 422 1829 462 mas
1851 433 1909 464 en

271 501 313 544 la
340 499 470 543 salud
500 512 558 542 en
586 476 707 543 estas
734 503 902 555 partes.
933 498 1005 540 De
1037 497 1080 539 lo
1108 496 1167 539 de
1193 496 1236 540 13
1266 495 1503 540 fundati6n
1532 496 1606 539 del
1635 495 1828 553 collegio
1850 495 1908 541 de

271 578 414 620 Roma
436 574 647 619 scriuirse
668 576 727 618 ha
748 589 856 631 para
877 588 964 617 con
985 574 1027 618 el
1049 572 1245 630 primero
1274 572 1312 616 si
1340 572 1531 618 huuiere
1558 574 1680 630 algo.
1713 574 1772 617 N.
1800 574 1852 616 Ρ.
1877 587 1907 629 y

271 654 338 697 los
359 653 515 697 demas
537 666 620 695 nos
641 651 1070 696 encommendamos
1092 651 1259 694 mucho
1289 665 1346 695 en
1374 650 1441 693 las
1462 649 1695 693 oraciones
1716 665 1745 706 y
1767 649 1906 693 sacri-

271 729 400 773 ficios
423 729 481 774 de
503 730 559 773 V.
587 730 642 773 R.
667 744 697 785 y
719 729 776 773 de
798 734 885 773 etc.
912 729 983 791 De
1006 729 1197 781 Trento,
1222 726 1253 770 li
1279 738 1332 782 25
1357 727 1414 771 de
1438 727 1616 784 Agosto
1644 727 1770 782 1563.

1017 893 1146 933 3116

742 996 785 1031 P.
815 994 1055 1042 JOANNES
1083 995 1153 1031 DE
1180 993 1435 1032 POLANCO

911 1102 960 1126 ex
985 1090 1262 1127 commissione

604 1188 816 1231 PATRI
863 1187 1294 1231 HIERONYMO
1329 1187 1577 1231 NADAL
1636 1247 1639 1248 ⁷

751 1303 966 1340 TmDENTr,
992 1293 1035 1329 31
1065 1301 1249 1331 AUGUST1
1278 1292 1368 1339 1563
1394 1296 1422 1329 ³.

270 1389 306 1415 ι.
326 1378 499 1415 Litterae
514 1378 865 1415 commendatitiae
879 1378 1139 1425 imperatoris
1150 1381 1229 1425 pro
1242 1389 1412 1413 romano
1425 1378 1595 1426 collegio
1607 1378 1905 1425 procurandae.

339 1448 422 1474 —2.
443 1438 503 1474 De
527 1438 777 1485 synoda—3.
804 1437 962 1473 Itinera
985 1437 1211 1473 cardinalis
1234 1438 1564 1485 augustani.—4.
1592 1437 1653 1473 De
1673 1437 1864 1474 Societate
1881 1449 1908 1474 a

339 1498 507 1534 concilio
525 1497 805 1545 approbanda.

365 1594 401 1625 1.
469 1583 565 1625 Pax
587 1580 693 1638 Xpi.
719 1581 771 1625 L’
794 1579 949 1624 ultime
971 1581 1056 1625 che
1077 1579 1287 1624 habiamo
1308 1581 1364 1625 de
1387 1582 1443 1626 V.
1463 1582 1516 1625 R.
1540 1595 1684 1625 sonno
1699 1580 1756 1624 de
1774 1580 1817 1637 xj
1837 1580 1910 1624 del
1981 1625 1988 1631 ,

270 1665 483 1717 presente
512 1659 545 1711 ⁵,
571 1658 692 1715 dopo
719 1658 762 1702 le
785 1656 905 1713 quali
928 1656 1116 1710 riceute,
1142 1657 1220 1702 noi
1249 1659 1443 1702 hauemo
1474 1657 1632 1702 scritto
1659 1657 1736 1701 doi
1766 1657 1905 1711 uolte,

264 1735 577 1780 continuando
604 1750 631 1778 a
662 1735 775 1778 farlo
799 1734 910 1792 ogni
938 1734 1196 1788 settimana3
1237 1741 1283 1780 et
1305 1750 1397 1778 non
1431 1735 1664 1792 sappiamo
1685 1749 1737 1780 se
1758 1736 1817 1779 V.
1848 1736 1903 1779 R.

270 1801 393 1857 serra
415 1820 587 1857 uenuto
609 1812 666 1856 de
688 1811 867 1856 Vienna
888 1812 975 1856 alla
997 1812 1122 1855 uolta
1137 1812 1194 1855 de
1216 1813 1388 1869 Ispruc,
1414 1827 1441 1856 o
1464 1827 1574 1858 uero
1595 1813 1652 1856 de
1674 1813 1903 1869 Augusta,

272 1897 318 1934 et
339 1889 433 1933 cosi
455 1896 616 1945 questa
637 1903 686 1932 se
708 1888 907 1932 indrizza
928 1904 1009 1946 per
1026 1888 1101 1932 uia
1123 1889 1179 1932 de
1201 1890 1373 1946 Ispruc‚
1399 1904 1472 1934 ma
1494 1890 1536 1934 le
1552 1888 1814 1946 precedenti
1830 1902 1909 1946 per

212 1951 214 1953 ¹
271 1967 503 2023 Augusta.
536 1966 585 2011 Si
623 1966 848 2010 mandano
878 1965 955 2022 qui
983 1966 1074 2011 due
1109 1965 1271 2010 lettere
1305 1966 1618 2011 ultimamente
1655 1965 1826 2010 riceute
1862 1964 1908 2008 di

242 2098 248 2106 Ι
273 2045 417 2088 Roma
445 2043 516 2087 del
542 2045 595 2087 P.
628 2042 870 2087 Francisco
898 2050 945 2087 et
981 2045 1038 2088 D.
1074 2043 1266 2088 Madrid.
1304 2042 1531 2088 Serrebbe
1566 2042 1836 2100 expediente
1858 2056 1907 2086 se

271 2122 518 2165 hauessero
545 2120 586 2164 le
623 2120 784 2164 lettere
821 2121 894 2165 del
931 2121 1206 2178 imperatore
1243 2121 1285 2164 31
1322 2121 1457 2164 modo
1485 2120 1642 2164 scritto
1658 2120 1691 2175 ⁴,
1711 2126 1757 2164 et
1778 2133 1828 2163 se
1849 2133 1907 2164 ne

272 2196 423 2240 scriue
461 2197 503 2240 31
528 2198 580 2241 Ρ.
623 2196 825 2241 Victoria
861 2204 906 2241 et
945 2199 998 2241 P.
1040 2199 1212 2254 Lanoy.
1253 2197 1302 2243 Si
1332 2197 1497 2241 manda
1528 2211 1616 2241 una
1653 2197 1812 2242 lettera
1833 2196 1906 2241 del

275 2275 329 2317 P.
351 2274 518 2328 Araoz,
539 2281 584 2317 et
607 2275 665 2318 N.
693 2275 746 2317 P.
771 2273 802 2316 li
822 2276 882 2317 ha
902 2274 1060 2318 scritto
1082 2276 1139 2320 de
1160 2289 1243 2318 sua
1260 2289 1395 2318 mano
1411 2268 1728 2318 domandando
1746 2280 1902 2331 gente,

271 2357 318 2394 et
339 2349 377 2393 si
397 2351 423 2394 e
444 2350 601 2394 scritto
619 2350 654 2394 il
675 2350 820 2394 simile
837 2351 910 2394 alli
928 2351 1195 2408 prouinciali
1216 2350 1262 2394 di
1284 2352 1484 2409 Spagna.
1508 2350 1648 2395 Primi
1664 2351 1710 2394 di
1726 2351 1784 2396 de
1800 2351 1905 2396 Set-

267 2428 444 2472 tembre
465 2427 503 2472 si
519 2427 786 2471 inuiaranno
809 2428 945 2484 quelli
968 2443 1017 2472 se
1038 2431 1190 2472 hanno
1218 2430 1276 2474 de
1303 2429 1519 2472 mandare
1552 2427 1600 2471 in
1628 2428 1899 2486 Alemagna.

268 2504 423 2549 Serria
444 2505 483 2547 al
509 2503 741 2561 proposito
757 2500 803 2546 in
826 2511 987 2560 questo
1010 2520 1164 2551 mezzo
1182 2505 1220 2549 si
1237 2505 1465 2550 mandassi
1481 2504 1662 2549 viatico.

363 2594 405 2625 2.
470 2582 557 2625 Del
574 2581 765 2625 concilio
786 2580 817 2623 il
841 2584 892 2625 P.
922 2582 1127 2627 Oliuerio
1150 2585 1164 2606 ⁵
1183 2583 1314 2627 darra
1329 2582 1583 2640 raguaglio.
1604 2583 1664 2627 Se
1680 2581 1838 2626 dubita
1855 2595 1904 2626 se

265 2657 310 2701 si
332 2659 450 2701 farra
471 2659 513 2701 13
535 2658 752 2711 sessione,
777 2658 816 2701 si
837 2672 917 2714 per
939 2674 1031 2703 non
1053 2674 1177 2704 esser
1198 2659 1388 2703 diffinite
1409 2660 1451 2703 le
1473 2658 1700 2715 questioni
1721 2659 1775 2702 de
1803 2673 1902 2702 ma-

351 2760 362 2781 1
413 2758 513 2794 Vide
533 2758 648 2806 epist.
669 2768 753 2806 299,
771 2771 810 2795 n.
836 2766 872 2804 7.

344 2821 357 2840 2
408 2819 466 2854 Ex
483 2818 671 2866 Regesto‚
693 2817 788 2854 Cod.
810 2828 854 2864 33
872 2819 929 2863 d),
949 2819 1016 2856 fol.
1041 2829 1121 2866 194.
1141 2821 1186 2856 In
1206 2819 1393 2866 margine:
1414 2820 1464 2856 Ρ.
1483 2819 1643 2856 Natale.

345 2878 360 2898 ³
410 2877 509 2913 Vide
528 2877 644 2925 epist.
663 2877 747 2923 303,
766 2889 805 2913 n.
831 2876 867 2915 3.

344 2938 359 2958 ⁴
410 2936 581 2973 Litterae
607 2936 759 2973 scilicet
784 2937 1028 2984 imperatoris
1051 2938 1100 2974 ad
1122 2938 1347 2986 pontificem
1371 2938 1550 2975 instando
1574 2949 1643 2986 pro
1665 2937 1822 2984 collegii
1844 2948 1903 2974 ro-

270 2996 376 3031 mani
394 2996 607 3033 dotatione.
627 2996 729 3033 Vide
747 2996 870 3044 epist.
884 2996 968 3043 300,
988 3010 1027 3034 n.
1051 3007 1082 3043 13
1104 3004 1144 3035 et
1162 2997 1248 3046 302,
1266 3010 1305 3034 n.
1326 2997 1361 3034 3.

343 3056 358 3077 ⁵
407 3056 626 3093 Manareus.
646 3055 747 3091 Vide
765 3055 880 3103 epist.
901 3055 984 3102 303,
1005 3069 1044 3093 n.
1068 3066 1099 3093 1.
