2196 3522
863 256 1122 294 SEPTEMBRE
1149 258 1240 304 1562
1572 278 1578 287 =
1803 271 1819 298 1
1829 271 1843 298 1
1853 271 1868 299 ῐ

225 357 298 401 n‘o
320 353 426 401 ferri
447 363 498 401 ut
522 372 572 402 se
594 357 801 404 Societas
821 358 958 403 dedat
973 358 1021 402 in
1037 359 1308 416 obsequium
1325 375 1379 405 ac
1394 361 1631 406 servitium
1647 363 1870 408 Domina—

226 434 368 479 tionis
391 435 520 480 Tuae
541 434 893 480 Illustrissimae.

322 512 461 569 Quod
481 526 591 556 vero
613 511 775 556 attinet
796 513 855 556 ad
875 512 1055 570 collegii
1076 513 1424 568 institutionem,
1450 515 1562 559 nihil
1584 531 1673 574 ego
1689 517 1867 572 dubito,

227 589 343 647 quin
366 591 442 633 Pr.
467 590 549 634 Nr.
577 589 804 647 generalis
825 589 986 635 libenti
1005 589 1064 634 sit
1091 590 1244 635 animo
1271 591 1509 649 imperium
1533 594 1587 637 T.
1613 594 1668 638 C.
1694 609 1869 651 exequ-

227 674 413 720 uturus,
438 667 497 710 ad
518 681 653 723 quern
675 681 764 724 ego
788 666 1056 712 Tridentum
1077 682 1286 725 propero,
1311 668 1390 712 vbi
1412 669 1649 726 negotium
1665 685 1747 728 pro
1769 686 1870 716 mea

226 743 456 789 tenuitate
477 744 774 801 promouebo.
800 745 978 788 Interea
1001 751 1152 789 tamen
1173 745 1321 788 audeo
1342 759 1425 802 pro
1445 761 1547 790 meo
1563 747 1713 791 officio
1729 763 1869 805 spon-

223 822 338 866 dere
356 822 410 866 C.
431 823 485 865 T.
506 836 601 865 rem
618 821 875 865 confectam
892 820 961 874 iri,
981 835 1035 865 ac
1049 821 1311 879 collegium,
1329 822 1407 865 vbi
1423 837 1496 866 res
1513 831 1648 866 erunt
1664 832 1865 881 paratae,

224 898 502 942 mittendum
528 900 557 941 ¹.
584 897 775 942 Curabit
796 897 938 955 igitur
958 898 1013 942 C.
1039 899 1094 942 T.
1116 897 1170 956 (si
1186 898 1250 942 ita
1265 898 1488 956 videatur)
1513 906 1608 943 tum
1626 903 1870 947 restaurari

224 976 574 1030 monasterium,
596 982 692 1019 tum
710 975 821 1018 illud
837 989 941 1019 cum
957 974 1123 1019 annuis
1138 974 1391 1020 redditibus
1407 976 1656 1021 vniendum
1675 979 1690 999 ²
1709 986 1867 1023 aucto-

226 1053 365 1099 ritate
387 1053 634 1111 apostolica
655 1052 720 1096 illi
741 1052 936 1110 collegio
953 1051 1213 1098 Societatis.

324 1130 703 1175 Concionatorem
725 1143 848 1173 nunc
869 1129 1112 1184 mitterem,
1138 1136 1184 1174 et
1204 1129 1387 1186 quidem
1409 1132 1467 1175 D.
1495 1131 1764 1187 Henricum,
1783 1133 1870 1177 nisi

234 1208 493 1252 necessario
520 1213 640 1252 esset
667 1208 863 1252 hesurus
885 1206 1116 1251 Coloniae.
1145 1207 1238 1252 Sed
1265 1214 1415 1251 tamen
1439 1208 1570 1253 breui
1596 1223 1699 1253 cum
1724 1210 1871 1267 gratia

234 1284 419 1330 Domini
440 1283 673 1329 curabitur
705 1285 738 1337 ³,
768 1290 819 1327 vt
846 1284 921 1328 vel
947 1283 1024 1327 hic
1049 1284 1124 1335 vel
1151 1283 1266 1328 alius
1295 1286 1352 1328 ad
1379 1300 1547 1329 munus
1570 1286 1871 1331 concionandi

227 1362 424 1408 ‘idoneus
446 1362 504 1405 ad
525 1362 580 1406 C.
607 1363 661 1405 T.
687 1360 908 1405 mittatur.
935 1360 984 1406 Si
1007 1360 1117 1417 quid
1138 1369 1371 1418 praeterea
1392 1362 1478 1407 erit
1500 1363 1790 1408 scribendum
1813 1366 1869 1408 ad

225 1441 286 1485 C.
314 1441 383 1494 T.,
409 1439 508 1496 ejus
531 1438 595 1484 rei
618 1439 752 1482 datur
770 1439 786 1460 ⁴
804 1437 1041 1495 negotium
1057 1439 1116 1482 D.
1139 1437 1373 1483 Heinrico.
1396 1441 1508 1484 X.us
1519 1442 1656 1498 Jesus
1674 1455 1870 1498 genero-

225 1532 327 1562 -sam
351 1518 366 1540 ⁸
385 1517 439 1561 C.
466 1518 521 1560 T.
547 1530 599 1560 ac
622 1530 729 1561 vere
751 1515 1019 1560 catholicam
1042 1522 1241 1559 mentem
1258 1515 1407 1574 erigat
1423 1516 1469 1560 in
1486 1517 1599 1570 dies,
1627 1520 1870 1574 provehat-

221 1609 319 1652 que
340 1593 506 1638 divinis
528 1592 836 1648 incrementis,
860 1599 907 1637 et
929 1592 1051 1636 omni
1075 1599 1299 1649 proventu
1322 1593 1545 1650 spirituali
1562 1594 1699 1638 faciat
1716 1596 1870 1640 effica—

223 1686 329 1717 cem
352 1685 405 1715 ac
427 1673 481 1715 R.
510 1672 563 1715 T.
590 1671 725 1715 111.me
747 1673 805 1715 D.
834 1672 887 1714 T.
921 1669 1205 1726 ecclesieque
1232 1684 1315 1716 sue
1342 1670 1598 1717 diutissime
1626 1680 1777 1717 servet
1798 1673 1869 1716 in-

227 1749 475 1794 columem.

998 1864 1112 1905 zu

627 1941 685 1983 P.
737 1937 1183 1982 HIERONIMUS
1229 1937 1471 1983 NADAL

739 2014 899 2050 PATRI
926 2011 1134 2060 JACOBO
1160 2013 1356 2049 LAINEZ

684 2082 950 2119 uocum-ma,
979 2081 1230 2109 SEPTEMBRE
1262 2072 1353 2118 1562
1382 2074 1412 2110 ⁶.

227 2133 445 2193 Polaticus,
464 2159 511 2184 ex
528 2147 817 2188 commissione,
837 2145 960 2181 Patri
977 2144 1159 2186 Madrid,
1178 2144 1243 2179 die
1263 2153 1311 2180 22
1338 2144 1519 2181 Octobris
1541 2146 1753 2193 epistolam
1770 2147 1874 2182 hanc

444 2208 586 2243 Patris
604 2206 755 2248 Nadal,
775 2217 855 2252 qua
873 2215 1071 2248 caremuS,
1089 2204 1192 2239 hisce
1210 2203 1340 2239 verbis
1356 2208 1658 2241 commemorat:

323 2293 436 2336 «Del
458 2294 516 2335 P.
545 2291 701 2335 Nadal
722 2293 918 2334 tenemos
939 2301 1116 2331 nueuas
1148 2302 1206 2330 no
1236 2288 1338 2331 νικά-ς
1360 2289 1550 2347 srescas
1583 2303 1667 2346 que
1689 2289 1742 2332 de
1765 2289 1871 2332 Ma—

223 2370 414 2427 guntia,
437 2370 490 2412 de
506 2369 650 2421 dovde
671 2368 781 2411 auia
812 2367 866 2410 de
890 2366 1051 2422 partir
1082 2364 1128 2407 al
1159 2365 1317 2408 altimo
1344 2365 1398 2408 de
1425 2366 1671 2409 Setiembre
1685 2371 1811 2422 para
1833 2367 1875 2409 el

307 2483 317 2503 ¹
368 2481 533 2527 Signum
551 2479 819 2516 admirationis
837 2478 901 2514 hic
918 2477 1079 2513 adhibet
1097 2476 1291 2522 HANSEN3
1311 2477 1382 2513 sed
1399 2482 1508 2513 reete
1523 2483 1564 2514 et
1577 2477 1806 2525 frequenter
1820 2478 1876 2513 di-

228 2540 335 2578 citur
352 2541 566 2588 collegium
593 2540 835 2575 mittendum
855 2538 895 2573 in
913 2537 1082 2584 aliquam
1100 2537 1253 2582 urbem,
1271 2547 1361 2573 cum
1378 2537 1427 2573 de
1445 2537 1578 2584 sociis,
1597 2537 1740 2585 quibus
1758 2539 1876 2573 colle-

227 2600 342 2648 gium
360 2605 541 2636 constare
559 2599 694 2645 debet,
713 2597 916 2633 mittendis
936 2607 1064 2632 sermo
1078 2600 1153 2631 est.

239 2704 242 2708 ι
304 2661 318 2682 ²
369 2659 548 2694 HANSEN
566 2657 664 2703 legit
681 2657 913 2698 vivendum,
929 2660 968 2691 at
982 2664 1199 2702 perperam;
1216 2666 1305 2690 nam
1320 2655 1360 2691 in
1373 2654 1510 2691 codice
1525 2654 1756 2690 Kesseliano
1768 2660 1877 2690 recte

230 2718 424 2766 scriptum
443 2722 504 2753 est
521 2717 757 2753 vniendum.

238 2782 242 2785 '
306 2779 320 2799 ³
370 2777 570 2812 HANsssn:
605 2775 682 2811 Sed
713 2777 849 2810 tamen
886 2774 995 2809 brevi
1027 2773 1261 2820 curabitur,
1293 2773 1580 2821 praetermissis
1618 2772 1751 2808 verbis
1787 2785 1877 2808 cum

229 2837 380 2886 gratia
399 2835 584 2871 Domini.

308 2898 323 2919 ⁴
373 2895 458 2930 Hoc
484 2895 648 2930 verbum
671 2892 902 2940 imperfecte
928 2896 1131 2928 exaratum
1155 2891 1248 2936 fuit,
1273 2893 1399 2928 datur
1428 2897 1559 2927 tamen
1584 2891 1795 2937 legendum
1823 2892 1880 2927 vi-

236 2956 291 2992 de
311 2968 375 2992 ur.

294 2961 330 3038 t⁵
381 3013 661 3061 Apographum
679 3009 856 3048 nostrum
870 3011 990 3047 habet
1003 3022 1261 3059 generosam.

313 3076 329 3097 ⁶
378 3075 438 3110 Ex
456 3073 683 3119 archetypo,
702 3070 743 3107 in
764 3069 859 3107 Cod.
882 3070 1004 3112 PLB,
1024 3068 1171 3116 duplici
1188 3069 1259 3105 fol.
1273 3098 1282 3116 ,
1299 3077 1342 3115 71
1364 3069 1482 3115 (358).
