2196 3522
350 303 423 348 654
973 301 1112 337 EPIST.
1139 300 1184 337 P.
1211 283 1245 336 N
1250 309 1362 337 ADAL

355 417 455 446 rum
477 402 721 459 exciperet.
748 393 886 459 Quae'
902 416 975 447 res
996 416 1090 445 non
1116 416 1275 458 parum
1305 409 1375 447 est
1410 401 1599 447 mOlesta
1636 404 1815 458 rectori,
1855 419 1993 462 prae-

354 461 510 506 sertim
533 463 642 506 dum
663 463 776 506 alter
796 468 955 505 contra
976 461 1165 505 alterum
1190 475 1240 505 se
1262 460 1450 506 nimium
1473 469 1641 516 tuetur,
1667 470 1718 507 ut
1739 463 1874 507 etiam
1897 465 1991 508 fra-

358 529 449 566 tres
470 535 814 577 nonnumquam
835 521 1051 564 maiorem
1073 520 1192 565 inter
1213 520 1334 577 ipsos
1358 520 1570 565 unionem
1592 522 1864 567 desiderent.
1896 524 1988 569 Sed

354 587 425 624 est
447 581 796 624 condonandum
818 579 988 636 aliquid
1009 582 1067 624 D.
1093 580 1335 624 Theodoro
1351 581 1410 624 ob
1426 588 1633 625 naturam
1650 581 1747 625 eius
1764 581 1987 626 difficilio-

354 654 466 693 rem,
493 639 570 695 qui
593 654 750 683 rursus
772 655 798 684 a
819 655 891 684 me
913 638 1176 695 postulauit,
1203 643 1253 682 ut'
1281 639 1366 682 sibi
1394 639 1527 685 liceat
1556 646 1756 697 tempore
1785 641 1987 685 uacatio-

355 713 464 742 num
487 699 534 742 in
556 699 745 755 patriam
768 698 1007 755 proficisci.
1034 698 1264 754 Respondi
1287 706 1356 742 sat
1377 713 1478 744 esse
1500 699 1714 756 temporis
1736 701 1793 743 ad
1814 700 1986 745 delibe-

354 759 562 812 randum,
586 758 696 801 nihil
720 773 842 801 nunc
864 758 1002 801 statui
1023 764 1245 814 oportere.
1272 758 1418 802 Video
1447 758 1531 802 iter
1558 759 1622 802 illi
1649 774 1748 804 esse
1776 759 1985 817 longum,

357 818 553 860 fructum
592 832 703 862 uero
739 818 972 874 exiguum.
1013 818 1252 861 Hactenus
1289 832 1378 860 non
1412 832 1462 862 se
1491 819 1858 874 cognoscendum
1893 819 1988 863 suis

357 876 581 933 praebuit,
612 891 762 932 neque
797 878 944 920 adhuc
973 877 1188 932 praebere
1222 878 1336 929 uult,
1363 877 1489 932 ‘quod
1517 877 1574 920 sit
1605 877 1741 921 huius
1773 877 1984 922 instituti:

354 950 471 991 quae
493 951 565 980 res
587 935 696 978 mihi
718 950 809 979 non
833 937 1066 993 probatur,
1092 949 1176 978 nec
1198 935 1417 979 satisfacit
1439 937 1589 979 adhuc
1610 936 1656 979 in
1678 936 1856 991 litteris,
1875 952 1989 993 quas

354 996 412 1039 de
435 995 697 1038 abdicandis
718 995 848 1039 bonis
871 995 1221 1038 conscribendas
1244 995 1425 1050 quidem
1447 995 1626 1039 curauit
1647 1010 1703 1039 ex
1728 999 1779 1040 P.
1813 996 1988 1040 Natalis

353 1054 676 1108 admonitione;
701 1055 781 1098 sed
802 1061 978 1111 poterat
1000 1053 1248 1110 simplicius
1276 1069 1325 1097 se
1352 1054 1473 1098 omni
1502 1054 1600 1099 iure
1627 1055 1849 1099 bonorum
1879 1070 1988 1100 suo-

356 1128 456 1156 rum
480 1113 705 1167 abdicare,
730 1113 768 1157 si
790 1121 969 1157 nostros
992 1113 1039 1156 in
1061 1113 1308 1157 Germania
1338 1113 1548 1158 inferiore
1577 1122 1891 1171 procuratores
1920 1116 1988 1160 fa-

353 1180 493 1217 ceret.
519 1174 691 1227 Verum
719 1174 969 1229 expectabo
998 1172 1268 1217 sententiam
1298 1174 1352 1216 R.
1391 1175 1443 1217 P.
1486 1175 1560 1226 T.,
1601 1189 1659 1217 an
1695 1175 1817 1230 quod
1853 1189 1990 1231 saepe

355 1232 499 1288 petiit,
527 1234 612 1275 hoc
634 1232 719 1276 iter
740 1232 804 1275 illi
824 1233 868 1275 in
892 1232 1082 1289 patriam
1105 1232 1163 1275 sit
1185 1233 1544 1276 concedendum.

1077 1382 1278 1425 XXXIX

725 1475 782 1513 Ρ.
825 1474 1138 1522 JOANNES
1178 1476 1261 1511 DE
1299 1474 1630 1513 POLANCO

1004 1565 1053 1588 ex
1072 1552 1348 1588 commissione

853 1645 995 1675 PATRI
1030 1644 1198 1674 SIMONI
1233 1643 1510 1675 RODRIGUEZ

892 1721 1078 1773 Romae,
1106 1720 1130 1762 8
1157 1718 1265 1775 Maji
1294 1720 1405 1774 1564
1428 1720 1455 1762 ¹.

512 1807 686 1843 Litterae
703 1809 1052 1843 commendatitiae
1071 1808 1241 1843 Antonii
1259 1808 1305 1843 de
1325 1807 1456 1854 Mora,
1476 1807 1637 1843 Natalis
1655 1809 1825 1855 nepotis.

448 1887 543 1928 Pax
565 1884 691 1941 Xpi.,
716 1892 804 1928 etc.
831 1886 920 1928 Los
944 1899 1033 1940 que
1053 1886 1207 1929 lleuan
1227 1885 1270 1929 13
1292 1892 1502 1941 presente
1530 1899 1613 1929 son
1635 1886 1676 1929 el
1699 1887 1752 1929 P.
1785 1885 1990 1930 Antonio

357 1945 483 1988 Leon
500 1960 528 2000 y
551 1944 754 1988 Antonio
776 1946 832 1987 de
856 1947 997 1997 Mora,
1023 1944 1205 1988 sobrino
1222 1944 1294 1988 del
1314 1946 1366 1987 P.
1389 1946 1501 1988 M.r0
1524 1945 1675 1998 Natal,
1701 1946 1742 1988 el
1759 1946 1864 2000 qual
1883 1945 1990 1989 uino

357 2007 384 2046 3
401 2005 543 2047 Roma
566 2004 795 2060 pensando
817 2004 874 2047 de
894 2005 1035 2060 podet
1057 2003 1256 2048 estudiar
1277 2018 1364 2046 con
1387 2005 1429 2048 el
1451 2004 1580 2047 fauor
1601 2005 1657 2047 de
1678 2018 1733 2047 su
1756 2008 1833 2058 tio,
1854 2019 1883 2060 y
1900 2008 1988 2048 assi

358 2064 416 2106 N.
439 2064 492 2106 P.
519 2064 561 2107 le
582 2063 685 2106 hizo
702 2077 891 2119 recoger
914 2078 971 2107 en
993 2064 1034 2107 el
1051 2062 1247 2121 collegio
1269 2062 1547 2119 germanico,
1572 2064 1702 2106 hasta
1729 2077 1834 2119 que,
1859 2077 1989 2107 como

317 2126 321 2129 ⁴
359 2129 587 2165 tornamos
609 2123 665 2166 de
687 2123 872 2176 Trento,
897 2138 927 2178 y
943 2123 984 2165 el
1008 2124 1060 2165 P.
1083 2123 1195 2166 M.r0
1218 2123 1353 2166 Natal
1371 2122 1445 2166 uio
1466 2136 1555 2178 que
1571 2137 1630 2166 no
1649 2126 1769 2166 tenia
1786 2122 1987 2178 enclina-

358 2180 452 2224 tion
470 2186 495 2224 a
511 2183 554 2224 13
570 2181 778 2237 relligion
796 2182 899 2238 (que
921 2188 1018 2226 esto
1040 2181 1394 2239 ingenuamente
1415 2181 1610 2237 siempre
1637 2183 1680 2225 el
1701 2182 1744 2225 lo
1766 2181 1902 2237 dixo),
1927 2196 1988 2225 no

358 2241 400 2283 le
422 2241 599 2296 parecio
622 2255 711 2296 que
732 2244 956 2284 conuenia
978 2255 1084 2296 para
1105 2242 1147 2284 el
1164 2241 1369 2297 exemplo
1386 2256 1415 2296 y
1433 2240 1690 2285 edificati6n
1706 2242 1762 2284 de
1784 2241 1828 2284 la
1849 2241 1989 2285 Com—

359 2303 493 2355 pafiia
515 2314 603 2356 que
625 2315 674 2344 se
695 2300 946 2343 estubiesse
968 2303 1072 2355 aqui
1102 2307 1199 2345 este
1229 2299 1464 2352 mancebo‚
1495 2314 1626 2343 como
1653 2314 1707 2343 su
1735 2299 1933 2353 sobrino,
1957 2314 1989 2356 y

358 2361 422 2401 asi
446 2360 503 2401 ha
525 2359 703 2403 instado
725 2373 814 2414 que
835 2359 878 2403 le
899 2360 1078 2403 embien
1100 2373 1186 2403 con
1207 2360 1250 2402 la
1272 2358 1560 2405 benediction
1582 2360 1639 2404 de
1664 2358 1791 2403 Dios.
1824 2360 1924 2403 Aca
1944 2359 1987 2404 le

358 2418 606 2473 ayudamos
628 2432 736 2475 para
758 2419 799 2462 el
822 2418 998 2462 camino
1020 2432 1106 2461 con
1127 2419 1171 2462 lo
1193 2432 1281 2474 que
1308 2419 1464 2462 hemos
1491 2418 1669 2475 podido.
1694 2418 1744 2463 Si
1766 2419 1870 2475 algo
1891 2422 1988 2462 mas

359 2477 400 2519 le
423 2478 550 2522 tuere
572 2476 828 2523 necessario
846 2479 1106 2530 realmente,
1127 2478 1233 2521 sele
1250 2478 1389 2534 podra
1405 2484 1594 2533 prestar,
1615 2491 1704 2533 que
1721 2478 1764 2520 lo
1780 2479 1988 2521 haremos

358 2539 440 2580 aea
461 2537 667 2581 bueno...
690 2535 749 2580 Di
772 2538 933 2590 Roma,
958 2537 989 2580 li
1013 2538 1037 2580 8
1060 2537 1106 2580 di
1129 2536 1316 2594 Maggio
1344 2536 1470 2591 1564.

431 2679 441 2699 ¹
492 2678 551 2713 Ex
567 2679 754 2725 Reges-to,
776 2676 876 2713 Cod.
901 2687 944 2724 33
962 2678 1022 2723 a),
1041 2678 1110 2714 fol.
1135 2677 1222 2723 387.
1251 2678 1297 2714 In
1320 2677 1508 2723 margine:
1538 2677 1722 2714 Ge'noua.
1748 2678 1799 2714 P.
1826 2679 1982 2716 Simdn.

359 2723 460 2761 Vide
478 2726 598 2773 epist.
621 2725 704 2771 228,
722 2737 766 2761 n.
789 2733 846 2769 103
867 2724 951 2772 232,
970 2738 1011 2762 n.
1036 2734 1072 2771 73
1093 2731 1133 2762 et
1150 2725 1341 2773 append.,
1359 2725 1564 2761 XXXVII.
