<?xml version="1.0" encoding="UTF-8"?>
<!DOCTYPE html PUBLIC "-//W3C//DTD XHTML 1.0 Transitional//EN"
    "http://www.w3.org/TR/xhtml1/DTD/xhtml1-transitional.dtd">
<html xmlns="http://www.w3.org/1999/xhtml" xml:lang="en" lang="en">
 <head>
  <title>
</title>
<meta http-equiv="Content-Type" content="text/html;charset=utf-8" />
  <meta name='ocr-system' content='tesseract 3.04.00' />
  <meta name='ocr-capabilities' content='ocr_page ocr_carea ocr_par ocr_line ocrx_word'/>
</head>
<body>
  <div class='ocr_page' id='page_1' title='image "./epistolaephieron02nadauoft_0283.png"; bbox 0 0 2196 3522; ppageno 0'>
   <div class='ocr_carea' id='block_1_1' title="bbox 0 0 1021 260">
    <p class='ocr_par' dir='ltr' id='par_1_1' title="bbox 0 0 1021 260">
     <span class='ocr_line' id='line_1_1' title="bbox 0 0 1021 260; baseline 0 3262"><span class='ocrx_word' id='word_1_1' title='bbox 0 0 1021 260; x_wconf 95' lang='lat' dir='ltr'> </span> 
     </span>
    </p>
   </div>
   <div class='ocr_carea' id='block_1_2' title="bbox 930 323 1913 370">
    <p class='ocr_par' dir='ltr' id='par_1_2' title="bbox 930 323 1913 370">
     <span class='ocr_line' id='line_1_2' title="bbox 930 323 1913 370; baseline 0 -10"><span class='ocrx_word' id='word_1_2' title='bbox 930 324 956 360; x_wconf 83' lang='lat'>6</span> <span class='ocrx_word' id='word_1_3' title='bbox 979 325 1147 362; x_wconf 61' lang='lat' dir='ltr'>Animas</span> <span class='ocrx_word' id='word_1_4' title='bbox 1174 323 1266 370; x_wconf 86' lang='lat'>1563</span> <span class='ocrx_word' id='word_1_5' title='bbox 1843 333 1913 370; x_wconf 79' lang='lat'>257</span> 
     </span>
    </p>
   </div>
   <div class='ocr_carea' id='block_1_3' title="bbox 284 425 1911 638">
    <p class='ocr_par' dir='ltr' id='par_1_3' title="bbox 284 425 1911 638">
     <span class='ocr_line' id='line_1_3' title="bbox 284 425 1911 482; baseline -0.001 -11"><span class='ocrx_word' id='word_1_6' title='bbox 284 430 318 471; x_wconf 69' lang='lat' dir='ltr'>:i</span> <span class='ocrx_word' id='word_1_7' title='bbox 347 426 446 472; x_wconf 85' lang='lat' dir='ltr'>ella.</span> <span class='ocrx_word' id='word_1_8' title='bbox 479 425 623 471; x_wconf 88' lang='lat' dir='ltr'>Cinco</span> <span class='ocrx_word' id='word_1_9' title='bbox 653 426 710 471; x_wconf 92' lang='lat' dir='ltr'>de</span> <span class='ocrx_word' id='word_1_10' title='bbox 740 425 884 480; x_wconf 85' lang='lat' dir='ltr'>Abril,</span> <span class='ocrx_word' id='word_1_11' title='bbox 925 427 1051 482; x_wconf 88' lang='lat'>1563.</span> <span class='ocrx_word' id='word_1_12' title='bbox 1087 428 1159 472; x_wconf 89' lang='lat' dir='ltr'>De</span> <span class='ocrx_word' id='word_1_13' title='bbox 1185 426 1427 471; x_wconf 83' lang='lat' dir='ltr'>comission</span> <span class='ocrx_word' id='word_1_14' title='bbox 1452 427 1510 471; x_wconf 87' lang='lat' dir='ltr'>de</span> <span class='ocrx_word' id='word_1_15' title='bbox 1536 428 1596 472; x_wconf 89' lang='lat' dir='ltr'>N.</span> <span class='ocrx_word' id='word_1_16' title='bbox 1630 426 1778 470; x_wconf 85' lang='lat' dir='ltr'>Padre</span> <span class='ocrx_word' id='word_1_17' title='bbox 1805 441 1911 482; x_wconf 87' lang='lat' dir='ltr'>pre-</span> 
     </span>
     <span class='ocr_line' id='line_1_4' title="bbox 285 503 453 561; baseline 0.006 -14"><span class='ocrx_word' id='word_1_18' title='bbox 285 503 453 561; x_wconf 77' lang='lat' dir='ltr'>posito.</span> 
     </span>
     <span class='ocr_line' id='line_1_5' title="bbox 1223 582 1719 638; baseline 0 -13"><span class='ocrx_word' id='word_1_19' title='bbox 1223 582 1349 638; x_wconf 83' lang='lat' dir='ltr'>JOAN</span> <span class='ocrx_word' id='word_1_20' title='bbox 1379 595 1443 625; x_wconf 83' lang='lat' dir='ltr'>DE</span> <span class='ocrx_word' id='word_1_21' title='bbox 1474 582 1719 625; x_wconf 73' lang='lat' dir='ltr'>POLANco.</span> 
     </span>
    </p>
   </div>
   <div class='ocr_carea' id='block_1_4' title="bbox 758 761 1447 911">
    <p class='ocr_par' dir='ltr' id='par_1_4' title="bbox 758 761 1447 911">
     <span class='ocr_line' id='line_1_6' title="bbox 1038 761 1160 803; baseline -0.016 1"><span class='ocrx_word' id='word_1_22' title='bbox 1038 761 1160 803; x_wconf 58' lang='lat'>265</span> 
     </span>
     <span class='ocr_line' id='line_1_7' title="bbox 758 863 1447 911; baseline 0.003 -11"><span class='ocrx_word' id='word_1_23' title='bbox 758 865 808 902; x_wconf 88' lang='lat' dir='ltr'>P.</span> <span class='ocrx_word' id='word_1_24' title='bbox 837 863 1076 911; x_wconf 84' lang='lat' dir='ltr'>JOANNES</span> <span class='ocrx_word' id='word_1_25' title='bbox 1102 864 1172 899; x_wconf 85' lang='lat' dir='ltr'>DE</span> <span class='ocrx_word' id='word_1_26' title='bbox 1197 863 1447 902; x_wconf 79' lang='lat' dir='ltr'>PoLANco</span> 
     </span>
    </p>
   </div>
   <div class='ocr_carea' id='block_1_5' title="bbox 925 946 1274 983">
    <p class='ocr_par' dir='ltr' id='par_1_5' title="bbox 925 946 1274 983">
     <span class='ocr_line' id='line_1_8' title="bbox 925 946 1274 983; baseline 0 -1"><span class='ocrx_word' id='word_1_27' title='bbox 925 958 975 983; x_wconf 88' lang='lat' dir='ltr'>ex</span> <span class='ocrx_word' id='word_1_28' title='bbox 999 946 1274 982; x_wconf 86' lang='lat' dir='ltr'>commissione</span> 
     </span>
    </p>
   </div>
   <div class='ocr_carea' id='block_1_6' title="bbox 545 1030 1655 1077">
    <p class='ocr_par' dir='ltr' id='par_1_6' title="bbox 545 1030 1655 1077">
     <span class='ocr_line' id='line_1_9' title="bbox 545 1030 1655 1077; baseline -0.003 0"><span class='ocrx_word' id='word_1_29' title='bbox 545 1031 790 1077; x_wconf 89' lang='lat' dir='ltr'><strong>PATRI</strong></span> <span class='ocrx_word' id='word_1_30' title='bbox 835 1030 1329 1075; x_wconf 89' lang='lat' dir='ltr'>HIERONYMO</span> <span class='ocrx_word' id='word_1_31' title='bbox 1377 1030 1655 1074; x_wconf 89' lang='lat' dir='ltr'>NADAL</span> 
     </span>
    </p>
   </div>
   <div class='ocr_carea' id='block_1_7' title="bbox 787 1122 1414 1170">
    <p class='ocr_par' dir='ltr' id='par_1_7' title="bbox 787 1122 1414 1170">
     <span class='ocr_line' id='line_1_10' title="bbox 787 1122 1414 1170; baseline 0 -9"><span class='ocrx_word' id='word_1_32' title='bbox 787 1132 1001 1170; x_wconf 70' lang='lat' dir='ltr'>monum,</span> <span class='ocrx_word' id='word_1_33' title='bbox 1026 1123 1050 1159; x_wconf 93' lang='lat'><strong>6</strong></span> <span class='ocrx_word' id='word_1_34' title='bbox 1075 1131 1236 1160; x_wconf 63' lang='lat' dir='ltr'>umus</span> <span class='ocrx_word' id='word_1_35' title='bbox 1265 1122 1355 1170; x_wconf 87' lang='lat'>1563</span> <span class='ocrx_word' id='word_1_36' title='bbox 1382 1126 1414 1161; x_wconf 83' lang='lat'>¹.</span> 
     </span>
    </p>
   </div>
   <div class='ocr_carea' id='block_1_8' title="bbox 243 1206 1913 2407">
    <p class='ocr_par' dir='ltr' id='par_1_8' title="bbox 289 1206 1912 1316">
     <span class='ocr_line' id='line_1_11' title="bbox 289 1206 1912 1255; baseline -0.002 -7"><span class='ocrx_word' id='word_1_37' title='bbox 289 1211 556 1248; x_wconf 75' lang='lat' dir='ltr'>Recensentur</span> <span class='ocrx_word' id='word_1_38' title='bbox 575 1209 746 1245; x_wconf 80' lang='lat' dir='ltr'>breviter</span> <span class='ocrx_word' id='word_1_39' title='bbox 766 1208 919 1255; x_wconf 81' lang='lat' dir='ltr'>scripta</span> <span class='ocrx_word' id='word_1_40' title='bbox 941 1208 996 1243; x_wconf 80' lang='lat' dir='ltr'>ad</span> <span class='ocrx_word' id='word_1_41' title='bbox 1018 1206 1207 1243; x_wconf 77' lang='lat' dir='ltr'><strong><em>Natalem</em></strong></span> <span class='ocrx_word' id='word_1_42' title='bbox 1224 1208 1272 1243; x_wconf 87' lang='lat' dir='ltr'>de</span> <span class='ocrx_word' id='word_1_43' title='bbox 1295 1206 1488 1243; x_wconf 82' lang='lat' dir='ltr'>Marcello</span> <span class='ocrx_word' id='word_1_44' title='bbox 1514 1208 1608 1251; x_wconf 82' lang='lat' dir='ltr'>Vaz,</span> <span class='ocrx_word' id='word_1_45' title='bbox 1636 1208 1683 1243; x_wconf 79' lang='lat' dir='ltr'>de</span> <span class='ocrx_word' id='word_1_46' title='bbox 1706 1207 1912 1252; x_wconf 68' lang='lat' dir='ltr'>cardinali</span> 
     </span>
     <span class='ocr_line' id='line_1_12' title="bbox 512 1266 1690 1316; baseline -0.002 -12"><span class='ocrx_word' id='word_1_47' title='bbox 512 1270 756 1316; x_wconf 81' lang='lat' dir='ltr'>augustano,</span> <span class='ocrx_word' id='word_1_48' title='bbox 774 1268 821 1303; x_wconf 82' lang='lat' dir='ltr'>de</span> <span class='ocrx_word' id='word_1_49' title='bbox 842 1266 1022 1315; x_wconf 82' lang='lat' dir='ltr'>Clengio,</span> <span class='ocrx_word' id='word_1_50' title='bbox 1037 1266 1162 1314; x_wconf 70' lang='lat' dir='ltr'>Jae‘n,</span> <span class='ocrx_word' id='word_1_51' title='bbox 1186 1267 1342 1309; x_wconf 84' lang='lat' dir='ltr'>Torres,</span> <span class='ocrx_word' id='word_1_52' title='bbox 1367 1266 1596 1309; x_wconf 81' lang='lat' dir='ltr'>Pelletario,</span> <span class='ocrx_word' id='word_1_53' title='bbox 1616 1272 1690 1303; x_wconf 89' lang='lat' dir='ltr'>etc.</span> 
     </span>
    </p>

    <p class='ocr_par' dir='ltr' id='par_1_9' title="bbox 243 1349 1913 2407">
     <span class='ocr_line' id='line_1_13' title="bbox 380 1349 1907 1409; baseline -0.002 -12"><span class='ocrx_word' id='word_1_54' title='bbox 380 1354 477 1397; x_wconf 87' lang='lat' dir='ltr'>Pax</span> <span class='ocrx_word' id='word_1_55' title='bbox 497 1351 604 1409; x_wconf 92' lang='lat' dir='ltr'>Xpi.</span> <span class='ocrx_word' id='word_1_56' title='bbox 628 1358 717 1395; x_wconf 91' lang='lat' dir='ltr'>etc.</span> <span class='ocrx_word' id='word_1_57' title='bbox 749 1351 812 1396; x_wconf 89' lang='lat' dir='ltr'>Se</span> <span class='ocrx_word' id='word_1_58' title='bbox 838 1349 869 1394; x_wconf 94' lang='lat' dir='ltr'>li</span> <span class='ocrx_word' id='word_1_59' title='bbox 896 1349 1059 1394; x_wconf 90' lang='lat' dir='ltr'>scrisse</span> <span class='ocrx_word' id='word_1_60' title='bbox 1085 1350 1211 1395; x_wconf 91' lang='lat' dir='ltr'>detto</span> <span class='ocrx_word' id='word_1_61' title='bbox 1233 1349 1395 1407; x_wconf 87' lang='lat' dir='ltr'>giorno</span> <span class='ocrx_word' id='word_1_62' title='bbox 1423 1363 1527 1394; x_wconf 89' lang='lat' dir='ltr'>cose</span> <span class='ocrx_word' id='word_1_63' title='bbox 1554 1349 1600 1393; x_wconf 93' lang='lat' dir='ltr'>di</span> <span class='ocrx_word' id='word_1_64' title='bbox 1626 1363 1779 1393; x_wconf 89' lang='lat' dir='ltr'>nuoue</span> <span class='ocrx_word' id='word_1_65' title='bbox 1799 1356 1907 1404; x_wconf 89' lang='lat' dir='ltr'>etc.,</span> 
     </span>
     <span class='ocr_line' id='line_1_14' title="bbox 286 1426 1910 1484; baseline -0.002 -10"><span class='ocrx_word' id='word_1_66' title='bbox 286 1431 376 1475; x_wconf 80' lang='lat' dir='ltr'>che</span> <span class='ocrx_word' id='word_1_67' title='bbox 402 1429 440 1473; x_wconf 91' lang='lat' dir='ltr'>si</span> <span class='ocrx_word' id='word_1_68' title='bbox 465 1428 629 1473; x_wconf 78' lang='lat' dir='ltr'>mando</span> <span class='ocrx_word' id='word_1_69' title='bbox 657 1442 741 1472; x_wconf 92' lang='lat' dir='ltr'>sua</span> <span class='ocrx_word' id='word_1_70' title='bbox 770 1427 962 1484; x_wconf 88' lang='lat' dir='ltr'>risposta</span> <span class='ocrx_word' id='word_1_71' title='bbox 990 1427 1034 1470; x_wconf 92' lang='lat' dir='ltr'>al</span> <span class='ocrx_word' id='word_1_72' title='bbox 1066 1429 1118 1471; x_wconf 92' lang='lat' dir='ltr'>P.</span> <span class='ocrx_word' id='word_1_73' title='bbox 1149 1427 1482 1471; x_wconf 87' lang='lat' dir='ltr'>Valderauano.</span> <span class='ocrx_word' id='word_1_74' title='bbox 1513 1427 1575 1472; x_wconf 90' lang='lat' dir='ltr'>Se</span> <span class='ocrx_word' id='word_1_75' title='bbox 1606 1426 1637 1470; x_wconf 91' lang='lat' dir='ltr'>li</span> <span class='ocrx_word' id='word_1_76' title='bbox 1663 1427 1910 1470; x_wconf 86' lang='lat' dir='ltr'>mandorno</span> 
     </span>
     <span class='ocr_line' id='line_1_15' title="bbox 287 1503 1907 1561; baseline -0.002 -10"><span class='ocrx_word' id='word_1_77' title='bbox 287 1513 414 1551; x_wconf 85' lang='lat' dir='ltr'>certe</span> <span class='ocrx_word' id='word_1_78' title='bbox 432 1506 607 1559; x_wconf 89' lang='lat' dir='ltr'>lettere,</span> <span class='ocrx_word' id='word_1_79' title='bbox 632 1504 757 1549; x_wconf 80' lang='lat' dir='ltr'>accio</span> <span class='ocrx_word' id='word_1_80' title='bbox 777 1503 988 1548; x_wconf 87' lang='lat' dir='ltr'>scriuessi</span> <span class='ocrx_word' id='word_1_81' title='bbox 1008 1518 1092 1548; x_wconf 92' lang='lat' dir='ltr'>suo</span> <span class='ocrx_word' id='word_1_82' title='bbox 1109 1518 1238 1561; x_wconf 89' lang='lat' dir='ltr'>parer</span> <span class='ocrx_word' id='word_1_83' title='bbox 1255 1518 1281 1547; x_wconf 93' lang='lat' dir='ltr'>a</span> <span class='ocrx_word' id='word_1_84' title='bbox 1302 1504 1361 1548; x_wconf 87' lang='lat' dir='ltr'>N.</span> <span class='ocrx_word' id='word_1_85' title='bbox 1387 1505 1461 1558; x_wconf 90' lang='grc' dir='ltr'>Ρ.,</span> <span class='ocrx_word' id='word_1_86' title='bbox 1480 1518 1610 1547; x_wconf 90' lang='lat' dir='ltr'>como</span> <span class='ocrx_word' id='word_1_87' title='bbox 1631 1518 1766 1560; x_wconf 86' lang='lat' dir='ltr'>sopra</span> <span class='ocrx_word' id='word_1_88' title='bbox 1787 1505 1907 1548; x_wconf 90' lang='lat' dir='ltr'>Mar-</span> 
     </span>
     <span class='ocr_line' id='line_1_16' title="bbox 285 1579 1911 1638; baseline -0.003 -10"><span class='ocrx_word' id='word_1_89' title='bbox 285 1584 387 1629; x_wconf 88' lang='lat' dir='ltr'>celo</span> <span class='ocrx_word' id='word_1_90' title='bbox 417 1584 538 1628; x_wconf 91' lang='lat' dir='ltr'>Vaaz</span> <span class='ocrx_word' id='word_1_91' title='bbox 565 1582 598 1635; x_wconf 78' lang='lat'>⁸,</span> <span class='ocrx_word' id='word_1_92' title='bbox 632 1588 678 1626; x_wconf 90' lang='lat' dir='ltr'>et</span> <span class='ocrx_word' id='word_1_93' title='bbox 705 1582 810 1638; x_wconf 92' lang='lat' dir='ltr'>quel</span> <span class='ocrx_word' id='word_1_94' title='bbox 837 1582 922 1626; x_wconf 90' lang='lat' dir='ltr'>che</span> <span class='ocrx_word' id='word_1_95' title='bbox 951 1587 1079 1624; x_wconf 88' lang='lat' dir='ltr'>tocca</span> <span class='ocrx_word' id='word_1_96' title='bbox 1105 1581 1147 1624; x_wconf 90' lang='lat' dir='ltr'>al</span> <span class='ocrx_word' id='word_1_97' title='bbox 1173 1582 1333 1634; x_wconf 89' lang='lat' dir='ltr'>choro,</span> <span class='ocrx_word' id='word_1_98' title='bbox 1366 1588 1453 1623; x_wconf 88' lang='lat' dir='ltr'>etc.</span> <span class='ocrx_word' id='word_1_99' title='bbox 1487 1581 1619 1625; x_wconf 88' lang='lat' dir='ltr'>Della</span> <span class='ocrx_word' id='word_1_100' title='bbox 1648 1580 1812 1624; x_wconf 86' lang='lat' dir='ltr'>andata</span> <span class='ocrx_word' id='word_1_101' title='bbox 1838 1579 1911 1624; x_wconf 90' lang='lat' dir='ltr'>del</span> 
     </span>
     <span class='ocr_line' id='line_1_17' title="bbox 285 1656 1911 1716; baseline -0.004 -11"><span class='ocrx_word' id='word_1_102' title='bbox 285 1660 501 1705; x_wconf 89' lang='lat' dir='ltr'>cardenal</span> <span class='ocrx_word' id='word_1_103' title='bbox 516 1658 562 1702; x_wconf 90' lang='lat' dir='ltr'>di</span> <span class='ocrx_word' id='word_1_104' title='bbox 583 1659 798 1716; x_wconf 87' lang='lat' dir='ltr'>Augusta</span> <span class='ocrx_word' id='word_1_105' title='bbox 817 1673 843 1702; x_wconf 93' lang='lat' dir='ltr'>a</span> <span class='ocrx_word' id='word_1_106' title='bbox 864 1658 1032 1714; x_wconf 80' lang='lat' dir='ltr'>Spafia‚</span> <span class='ocrx_word' id='word_1_107' title='bbox 1057 1665 1102 1701; x_wconf 91' lang='lat' dir='ltr'>et</span> <span class='ocrx_word' id='word_1_108' title='bbox 1123 1658 1195 1701; x_wconf 90' lang='lat' dir='ltr'>del</span> <span class='ocrx_word' id='word_1_109' title='bbox 1216 1671 1300 1700; x_wconf 93' lang='lat' dir='ltr'>suo</span> <span class='ocrx_word' id='word_1_110' title='bbox 1320 1656 1532 1714; x_wconf 86' lang='lat' dir='ltr'>collegio,</span> <span class='ocrx_word' id='word_1_111' title='bbox 1557 1664 1644 1702; x_wconf 91' lang='lat' dir='ltr'>etc.</span> <span class='ocrx_word' id='word_1_112' title='bbox 1666 1657 1852 1713; x_wconf 82' lang='lat' dir='ltr'>Quanto</span> <span class='ocrx_word' id='word_1_113' title='bbox 1869 1656 1911 1700; x_wconf 84' lang='lat' dir='ltr'>al</span> 
     </span>
     <span class='ocr_line' id='line_1_18' title="bbox 289 1732 1911 1795; baseline -0.003 -14"><span class='ocrx_word' id='word_1_114' title='bbox 289 1732 430 1795; x_wconf 55' lang='lat' dir='ltr'>p&#39;oner</span> <span class='ocrx_word' id='word_1_115' title='bbox 450 1737 494 1780; x_wconf 92' lang='grc'>13</span> <span class='ocrx_word' id='word_1_116' title='bbox 514 1750 618 1779; x_wconf 87' lang='lat' dir='ltr'>casa</span> <span class='ocrx_word' id='word_1_117' title='bbox 638 1734 684 1778; x_wconf 93' lang='lat' dir='ltr'>di</span> <span class='ocrx_word' id='word_1_118' title='bbox 705 1734 949 1792; x_wconf 88' lang='lat' dir='ltr'>prouacion</span> <span class='ocrx_word' id='word_1_119' title='bbox 970 1733 1017 1778; x_wconf 89' lang='lat' dir='ltr'>in</span> <span class='ocrx_word' id='word_1_120' title='bbox 1039 1736 1266 1791; x_wconf 88' lang='lat' dir='ltr'>Augusta,</span> <span class='ocrx_word' id='word_1_121' title='bbox 1290 1735 1375 1778; x_wconf 88' lang='lat' dir='ltr'>che</span> <span class='ocrx_word' id='word_1_122' title='bbox 1396 1733 1576 1790; x_wconf 88' lang='lat' dir='ltr'>quando</span> <span class='ocrx_word' id='word_1_123' title='bbox 1596 1733 1777 1778; x_wconf 83' lang='lat' dir='ltr'>hauessi</span> <span class='ocrx_word' id='word_1_124' title='bbox 1792 1732 1911 1777; x_wconf 90' lang='lat' dir='ltr'>uisto</span> 
     </span>
     <span class='ocr_line' id='line_1_19' title="bbox 289 1809 1911 1870; baseline -0.003 -13"><span class='ocrx_word' id='word_1_125' title='bbox 289 1813 323 1857; x_wconf 97' lang='grc'>11</span> <span class='ocrx_word' id='word_1_126' title='bbox 354 1812 455 1857; x_wconf 89' lang='lat' dir='ltr'>altri</span> <span class='ocrx_word' id='word_1_127' title='bbox 480 1812 640 1870; x_wconf 90' lang='lat' dir='ltr'>luoghi</span> <span class='ocrx_word' id='word_1_128' title='bbox 658 1845 668 1865; x_wconf 91' lang='lat'>,</span> <span class='ocrx_word' id='word_1_129' title='bbox 699 1811 738 1856; x_wconf 91' lang='lat' dir='ltr'>si</span> <span class='ocrx_word' id='word_1_130' title='bbox 763 1811 1043 1869; x_wconf 86' lang='lat' dir='ltr'>pigliarebbe</span> <span class='ocrx_word' id='word_1_131' title='bbox 1075 1810 1337 1855; x_wconf 88' lang='lat' dir='ltr'>risolutione</span> <span class='ocrx_word' id='word_1_132' title='bbox 1368 1811 1408 1863; x_wconf 77' lang='lat'>³,</span> <span class='ocrx_word' id='word_1_133' title='bbox 1441 1817 1529 1854; x_wconf 90' lang='lat' dir='ltr'>etc.</span> <span class='ocrx_word' id='word_1_134' title='bbox 1560 1809 1619 1854; x_wconf 92' lang='lat' dir='ltr'>Di</span> <span class='ocrx_word' id='word_1_135' title='bbox 1651 1824 1805 1854; x_wconf 92' lang='lat' dir='ltr'>nuoue</span> <span class='ocrx_word' id='word_1_136' title='bbox 1838 1811 1911 1855; x_wconf 89' lang='lat' dir='ltr'>del</span> 
     </span>
     <span class='ocr_line' id='line_1_20' title="bbox 243 1886 1911 1944; baseline -0.003 -10"><span class='ocrx_word' id='word_1_137' title='bbox 243 1887 246 1889; x_wconf 16' lang='grc' dir='ltr'><strong>Δ</strong></span> <span class='ocrx_word' id='word_1_138' title='bbox 287 1889 498 1942; x_wconf 87' lang='lat' dir='ltr'>concilio,</span> <span class='ocrx_word' id='word_1_139' title='bbox 523 1896 610 1933; x_wconf 91' lang='lat' dir='ltr'>etc.</span> <span class='ocrx_word' id='word_1_140' title='bbox 636 1890 701 1933; x_wconf 91' lang='lat' dir='ltr'>Le</span> <span class='ocrx_word' id='word_1_141' title='bbox 722 1902 875 1933; x_wconf 88' lang='lat' dir='ltr'>nuoue</span> <span class='ocrx_word' id='word_1_142' title='bbox 894 1888 953 1933; x_wconf 90' lang='lat' dir='ltr'>de</span> <span class='ocrx_word' id='word_1_143' title='bbox 974 1887 1151 1944; x_wconf 89' lang='lat' dir='ltr'>Etiopia</span> <span class='ocrx_word' id='word_1_144' title='bbox 1172 1890 1188 1908; x_wconf 75' lang='lat'>‘</span> <span class='ocrx_word' id='word_1_145' title='bbox 1202 1921 1212 1939; x_wconf 87' lang='lat'>,</span> <span class='ocrx_word' id='word_1_146' title='bbox 1237 1894 1324 1932; x_wconf 91' lang='lat' dir='ltr'>etc.</span> <span class='ocrx_word' id='word_1_147' title='bbox 1355 1888 1500 1944; x_wconf 91' lang='lat' dir='ltr'>Sopra</span> <span class='ocrx_word' id='word_1_148' title='bbox 1525 1887 1557 1930; x_wconf 90' lang='lat' dir='ltr'>il</span> <span class='ocrx_word' id='word_1_149' title='bbox 1578 1901 1818 1943; x_wconf 90' lang='lat' dir='ltr'>promouer</span> <span class='ocrx_word' id='word_1_150' title='bbox 1837 1886 1911 1930; x_wconf 88' lang='grc'><strong>3111</strong></span> 
     </span>
     <span class='ocr_line' id='line_1_21' title="bbox 289 1962 1912 2025; baseline -0.003 -15"><span class='ocrx_word' id='word_1_151' title='bbox 289 1966 422 2025; x_wconf 87' lang='lat' dir='ltr'>gradi</span> <span class='ocrx_word' id='word_1_152' title='bbox 442 1966 474 2009; x_wconf 92' lang='lat' dir='ltr'>il</span> <span class='ocrx_word' id='word_1_153' title='bbox 496 1966 688 2023; x_wconf 80' lang='lat' dir='ltr'>Clengo,</span> <span class='ocrx_word' id='word_1_154' title='bbox 711 1972 757 2009; x_wconf 90' lang='lat' dir='ltr'>et</span> <span class='ocrx_word' id='word_1_155' title='bbox 777 1966 862 2009; x_wconf 90' lang='lat' dir='ltr'>che</span> <span class='ocrx_word' id='word_1_156' title='bbox 882 1979 932 2010; x_wconf 87' lang='lat' dir='ltr'>se</span> <span class='ocrx_word' id='word_1_157' title='bbox 959 1979 1037 2009; x_wconf 90' lang='lat' dir='ltr'>era</span> <span class='ocrx_word' id='word_1_158' title='bbox 1058 1963 1226 2020; x_wconf 89' lang='lat' dir='ltr'>scripto</span> <span class='ocrx_word' id='word_1_159' title='bbox 1252 1964 1295 2007; x_wconf 89' lang='grc'>31</span> <span class='ocrx_word' id='word_1_160' title='bbox 1317 1966 1370 2008; x_wconf 90' lang='lat' dir='ltr'>P.</span> <span class='ocrx_word' id='word_1_161' title='bbox 1395 1964 1578 2008; x_wconf 89' lang='lat' dir='ltr'>Canisio</span> <span class='ocrx_word' id='word_1_162' title='bbox 1601 1963 1759 2007; x_wconf 86' lang='lat' dir='ltr'>facessi</span> <span class='ocrx_word' id='word_1_163' title='bbox 1785 1962 1849 2006; x_wconf 92' lang='lat' dir='ltr'>lui</span> <span class='ocrx_word' id='word_1_164' title='bbox 1869 1963 1912 2006; x_wconf 91' lang='grc'>13</span> 
     </span>
     <span class='ocr_line' id='line_1_22' title="bbox 287 2040 1911 2097; baseline -0.003 -9"><span class='ocrx_word' id='word_1_165' title='bbox 287 2057 441 2096; x_wconf 81' lang='lat' dir='ltr'>seusa,</span> <span class='ocrx_word' id='word_1_166' title='bbox 466 2050 553 2088; x_wconf 89' lang='lat' dir='ltr'>etc.</span> <span class='ocrx_word' id='word_1_167' title='bbox 579 2048 625 2087; x_wconf 90' lang='lat' dir='ltr'>et</span> <span class='ocrx_word' id='word_1_168' title='bbox 651 2042 804 2085; x_wconf 89' lang='lat' dir='ltr'>datolli</span> <span class='ocrx_word' id='word_1_169' title='bbox 831 2040 1098 2086; x_wconf 85' lang='lat' dir='ltr'>comissione</span> <span class='ocrx_word' id='word_1_170' title='bbox 1118 2055 1254 2097; x_wconf 86' lang='lat' dir='ltr'>sopra</span> <span class='ocrx_word' id='word_1_171' title='bbox 1279 2041 1478 2084; x_wconf 88' lang='lat' dir='ltr'>l&#39;andata</span> <span class='ocrx_word' id='word_1_172' title='bbox 1505 2041 1547 2084; x_wconf 87' lang='grc'>31</span> <span class='ocrx_word' id='word_1_173' title='bbox 1573 2054 1657 2084; x_wconf 92' lang='lat' dir='ltr'>suo</span> <span class='ocrx_word' id='word_1_174' title='bbox 1678 2054 1812 2096; x_wconf 86' lang='lat' dir='ltr'>paese</span> <span class='ocrx_word' id='word_1_175' title='bbox 1839 2040 1911 2084; x_wconf 88' lang='lat' dir='ltr'>del</span> 
     </span>
     <span class='ocr_line' id='line_1_23' title="bbox 291 2116 1912 2175; baseline -0.004 -11"><span class='ocrx_word' id='word_1_176' title='bbox 291 2121 445 2164; x_wconf 92' lang='lat' dir='ltr'>dottor</span> <span class='ocrx_word' id='word_1_177' title='bbox 475 2120 737 2171; x_wconf 89' lang='lat' dir='ltr'>Theodoro,</span> <span class='ocrx_word' id='word_1_178' title='bbox 768 2117 979 2163; x_wconf 79' lang='lat' dir='ltr'>accioche</span> <span class='ocrx_word' id='word_1_179' title='bbox 1015 2132 1065 2162; x_wconf 91' lang='lat' dir='ltr'>se</span> <span class='ocrx_word' id='word_1_180' title='bbox 1095 2117 1340 2175; x_wconf 89' lang='lat' dir='ltr'>giudicassi</span> <span class='ocrx_word' id='word_1_181' title='bbox 1372 2117 1611 2172; x_wconf 88' lang='lat' dir='ltr'>conuenir,</span> <span class='ocrx_word' id='word_1_182' title='bbox 1640 2116 1671 2159; x_wconf 92' lang='lat' dir='ltr'>li</span> <span class='ocrx_word' id='word_1_183' title='bbox 1698 2116 1830 2161; x_wconf 91' lang='lat' dir='ltr'>desse</span> <span class='ocrx_word' id='word_1_184' title='bbox 1857 2116 1912 2158; x_wconf 92' lang='lat' dir='ltr'>li-</span> 
     </span>
     <span class='ocr_line' id='line_1_24' title="bbox 289 2193 1911 2253; baseline -0.005 -10"><span class='ocrx_word' id='word_1_185' title='bbox 289 2196 456 2243; x_wconf 82' lang='lat' dir='ltr'>centia.</span> <span class='ocrx_word' id='word_1_186' title='bbox 482 2198 628 2253; x_wconf 88' lang='lat' dir='ltr'>Sopra</span> <span class='ocrx_word' id='word_1_187' title='bbox 653 2195 685 2238; x_wconf 92' lang='lat' dir='ltr'>il</span> <span class='ocrx_word' id='word_1_188' title='bbox 711 2202 860 2239; x_wconf 89' lang='lat' dir='ltr'>mutar</span> <span class='ocrx_word' id='word_1_189' title='bbox 885 2194 918 2238; x_wconf 89' lang='lat' dir='ltr'>li</span> <span class='ocrx_word' id='word_1_190' title='bbox 943 2194 1050 2238; x_wconf 91' lang='lat' dir='ltr'>duoi</span> <span class='ocrx_word' id='word_1_191' title='bbox 1077 2193 1277 2251; x_wconf 85' lang='lat' dir='ltr'>theologi</span> <span class='ocrx_word' id='word_1_192' title='bbox 1305 2195 1362 2239; x_wconf 89' lang='lat' dir='ltr'>de</span> <span class='ocrx_word' id='word_1_193' title='bbox 1388 2193 1685 2251; x_wconf 85' lang='lat' dir='ltr'>Ingolstadio,</span> <span class='ocrx_word' id='word_1_194' title='bbox 1715 2199 1762 2237; x_wconf 88' lang='lat' dir='ltr'>et</span> <span class='ocrx_word' id='word_1_195' title='bbox 1788 2207 1911 2236; x_wconf 86' lang='lat' dir='ltr'>cam-</span> 
     </span>
     <span class='ocr_line' id='line_1_25' title="bbox 294 2270 1910 2332; baseline -0.002 -15"><span class='ocrx_word' id='word_1_196' title='bbox 294 2273 422 2318; x_wconf 92' lang='lat' dir='ltr'>biarli</span> <span class='ocrx_word' id='word_1_197' title='bbox 442 2288 529 2317; x_wconf 92' lang='lat' dir='ltr'>con</span> <span class='ocrx_word' id='word_1_198' title='bbox 544 2275 659 2332; x_wconf 78' lang='lat' dir='ltr'>Jaen</span> <span class='ocrx_word' id='word_1_199' title='bbox 681 2279 727 2317; x_wconf 89' lang='lat' dir='ltr'>et</span> <span class='ocrx_word' id='word_1_200' title='bbox 748 2273 927 2326; x_wconf 84' lang='lat' dir='ltr'>TorreS,</span> <span class='ocrx_word' id='word_1_201' title='bbox 950 2278 1033 2316; x_wconf 88' lang='lat' dir='ltr'>etc.</span> <span class='ocrx_word' id='word_1_202' title='bbox 1058 2271 1118 2315; x_wconf 92' lang='lat' dir='ltr'>Di</span> <span class='ocrx_word' id='word_1_203' title='bbox 1139 2285 1268 2316; x_wconf 90' lang='lat' dir='ltr'>come</span> <span class='ocrx_word' id='word_1_204' title='bbox 1296 2285 1443 2315; x_wconf 87' lang='lat' dir='ltr'>uenne</span> <span class='ocrx_word' id='word_1_205' title='bbox 1470 2270 1517 2314; x_wconf 90' lang='lat' dir='ltr'>di</span> <span class='ocrx_word' id='word_1_206' title='bbox 1545 2271 1726 2327; x_wconf 89' lang='lat' dir='ltr'>Tornay</span> <span class='ocrx_word' id='word_1_207' title='bbox 1754 2276 1799 2314; x_wconf 93' lang='lat' dir='ltr'>et</span> <span class='ocrx_word' id='word_1_208' title='bbox 1820 2270 1910 2313; x_wconf 93' lang='lat' dir='ltr'>Lo-</span> 
     </span>
     <span class='ocr_line' id='line_1_26' title="bbox 292 2347 1913 2407; baseline -0.004 -13"><span class='ocrx_word' id='word_1_209' title='bbox 292 2364 443 2407; x_wconf 89' lang='lat' dir='ltr'>uayna</span> <span class='ocrx_word' id='word_1_210' title='bbox 462 2350 494 2394; x_wconf 82' lang='lat' dir='ltr'>il</span> <span class='ocrx_word' id='word_1_211' title='bbox 513 2351 663 2394; x_wconf 89' lang='lat' dir='ltr'>dottor</span> <span class='ocrx_word' id='word_1_212' title='bbox 684 2351 881 2393; x_wconf 90' lang='lat' dir='ltr'>Thomas</span> <span class='ocrx_word' id='word_1_213' title='bbox 900 2348 1048 2406; x_wconf 80' lang='lat' dir='ltr'>ingles</span> <span class='ocrx_word' id='word_1_214' title='bbox 1064 2349 1096 2401; x_wconf 82' lang='lat'>⁵,</span> <span class='ocrx_word' id='word_1_215' title='bbox 1116 2362 1203 2392; x_wconf 90' lang='lat' dir='ltr'>con</span> <span class='ocrx_word' id='word_1_216' title='bbox 1218 2349 1276 2393; x_wconf 93' lang='lat' dir='ltr'>N.</span> <span class='ocrx_word' id='word_1_217' title='bbox 1296 2347 1486 2392; x_wconf 88' lang='lat' dir='ltr'>hiberno</span> <span class='ocrx_word' id='word_1_218' title='bbox 1508 2349 1524 2371; x_wconf 79' lang='lat'><strong>⁶</strong></span> <span class='ocrx_word' id='word_1_219' title='bbox 1546 2354 1592 2392; x_wconf 90' lang='lat' dir='ltr'>et</span> <span class='ocrx_word' id='word_1_220' title='bbox 1610 2347 1649 2391; x_wconf 89' lang='lat' dir='ltr'>si</span> <span class='ocrx_word' id='word_1_221' title='bbox 1665 2347 1913 2390; x_wconf 87' lang='lat' dir='ltr'>mandorno</span> 
     </span>
    </p>
   </div>
   <div class='ocr_carea' id='block_1_9' title="bbox 294 2439 555 2445">
    <p class='ocr_par' dir='ltr' id='par_1_10' title="bbox 294 2439 555 2445">
     <span class='ocr_line' id='line_1_27' title="bbox 294 2439 555 2445; baseline 0 0"><span class='ocrx_word' id='word_1_222' title='bbox 294 2439 555 2445; x_wconf 95' lang='lat' dir='ltr'> </span> 
     </span>
    </p>
   </div>
   <div class='ocr_carea' id='block_1_10' title="bbox 289 2475 1916 3174">
    <p class='ocr_par' dir='ltr' id='par_1_11' title="bbox 366 2475 1905 2531">
     <span class='ocr_line' id='line_1_28' title="bbox 366 2475 1905 2531; baseline -0.005 -14"><span class='ocrx_word' id='word_1_223' title='bbox 366 2482 377 2502; x_wconf 87' lang='lat'>¹</span> <span class='ocrx_word' id='word_1_224' title='bbox 426 2481 485 2516; x_wconf 86' lang='lat' dir='ltr'>Ex</span> <span class='ocrx_word' id='word_1_225' title='bbox 501 2481 688 2527; x_wconf 87' lang='lat' dir='ltr'>Regesto,</span> <span class='ocrx_word' id='word_1_226' title='bbox 709 2478 805 2515; x_wconf 86' lang='lat' dir='ltr'>Cod.</span> <span class='ocrx_word' id='word_1_227' title='bbox 825 2488 871 2525; x_wconf 84' lang='lat'>33</span> <span class='ocrx_word' id='word_1_228' title='bbox 886 2478 939 2524; x_wconf 87' lang='lat' dir='ltr'>c),</span> <span class='ocrx_word' id='word_1_229' title='bbox 954 2478 996 2513; x_wconf 81' lang='lat' dir='ltr'>ff.</span> <span class='ocrx_word' id='word_1_230' title='bbox 1015 2477 1098 2524; x_wconf 85' lang='grc'><strong>268,</strong></span> <span class='ocrx_word' id='word_1_231' title='bbox 1112 2477 1200 2531; x_wconf 73' lang='grc'><strong>269.</strong></span> <span class='ocrx_word' id='word_1_232' title='bbox 1223 2477 1268 2513; x_wconf 90' lang='lat' dir='ltr'>In</span> <span class='ocrx_word' id='word_1_233' title='bbox 1285 2477 1471 2524; x_wconf 84' lang='lat' dir='ltr'>margine:</span> <span class='ocrx_word' id='word_1_234' title='bbox 1495 2477 1663 2513; x_wconf 82' lang='lat' dir='ltr'>Vienna.</span> <span class='ocrx_word' id='word_1_235' title='bbox 1681 2477 1733 2511; x_wconf 90' lang='lat' dir='ltr'>P.</span> <span class='ocrx_word' id='word_1_236' title='bbox 1753 2475 1905 2510; x_wconf 87' lang='lat' dir='ltr'>Nadal.</span> 
     </span>
    </p>

    <p class='ocr_par' dir='ltr' id='par_1_12' title="bbox 289 2532 1912 2702">
     <span class='ocr_line' id='line_1_29' title="bbox 365 2532 1912 2586; baseline -0.004 -11"><span class='ocrx_word' id='word_1_237' title='bbox 365 2541 382 2562; x_wconf 83' lang='lat'><strong>¹</strong></span> <span class='ocrx_word' id='word_1_238' title='bbox 429 2539 490 2575; x_wconf 89' lang='lat' dir='ltr'>De</span> <span class='ocrx_word' id='word_1_239' title='bbox 507 2539 611 2575; x_wconf 88' lang='lat' dir='ltr'>illius</span> <span class='ocrx_word' id='word_1_240' title='bbox 630 2538 847 2586; x_wconf 84' lang='lat' dir='ltr'>aptitudine</span> <span class='ocrx_word' id='word_1_241' title='bbox 869 2543 909 2573; x_wconf 92' lang='lat' dir='ltr'>et</span> <span class='ocrx_word' id='word_1_242' title='bbox 926 2536 1180 2584; x_wconf 81' lang='lat' dir='ltr'>dispositione</span> <span class='ocrx_word' id='word_1_243' title='bbox 1202 2536 1251 2572; x_wconf 90' lang='lat' dir='ltr'>ad</span> <span class='ocrx_word' id='word_1_244' title='bbox 1273 2536 1552 2584; x_wconf 71' lang='lat' dir='ltr'>professionem</span> <span class='ocrx_word' id='word_1_245' title='bbox 1575 2536 1670 2571; x_wconf 83' lang='lat' dir='ltr'>haec</span> <span class='ocrx_word' id='word_1_246' title='bbox 1694 2532 1912 2570; x_wconf 84' lang='lat' dir='ltr'>informatio</span> 
     </span>
     <span class='ocr_line' id='line_1_30' title="bbox 289 2592 1912 2644; baseline -0.004 -10"><span class='ocrx_word' id='word_1_247' title='bbox 289 2597 413 2634; x_wconf 78' lang='lat' dir='ltr'>fuisse</span> <span class='ocrx_word' id='word_1_248' title='bbox 430 2597 601 2634; x_wconf 85' lang='lat' dir='ltr'>videtur.</span> <span class='ocrx_word' id='word_1_249' title='bbox 623 2598 669 2634; x_wconf 90' lang='lat' dir='ltr'>In</span> <span class='ocrx_word' id='word_1_250' title='bbox 686 2598 863 2643; x_wconf 88' lang='lat' dir='ltr'>catalogo</span> <span class='ocrx_word' id='word_1_251' title='bbox 882 2595 1159 2644; x_wconf 80' lang='lat' dir='ltr'>professorum,</span> <span class='ocrx_word' id='word_1_252' title='bbox 1172 2595 1237 2631; x_wconf 89' lang='lat' dir='ltr'>die</span> <span class='ocrx_word' id='word_1_253' title='bbox 1257 2604 1272 2631; x_wconf 94' lang='lat'>1</span> <span class='ocrx_word' id='word_1_254' title='bbox 1293 2595 1527 2631; x_wconf 86' lang='lat' dir='ltr'>Novembris</span> <span class='ocrx_word' id='word_1_255' title='bbox 1547 2594 1652 2640; x_wconf 86' lang='lat'>1564,</span> <span class='ocrx_word' id='word_1_256' title='bbox 1671 2593 1711 2629; x_wconf 90' lang='lat' dir='ltr'>in</span> <span class='ocrx_word' id='word_1_257' title='bbox 1734 2592 1912 2628; x_wconf 87' lang='lat' dir='ltr'>manibus</span> 
     </span>
     <span class='ocr_line' id='line_1_31' title="bbox 297 2653 1252 2702; baseline 0.001 -12"><span class='ocrx_word' id='word_1_258' title='bbox 297 2654 341 2690; x_wconf 91' lang='lat' dir='ltr'>P.</span> <span class='ocrx_word' id='word_1_259' title='bbox 360 2653 524 2692; x_wconf 82' lang='lat' dir='ltr'>Oliuerii</span> <span class='ocrx_word' id='word_1_260' title='bbox 540 2661 632 2692; x_wconf 87' lang='lat' dir='ltr'>vota</span> <span class='ocrx_word' id='word_1_261' title='bbox 648 2656 837 2692; x_wconf 88' lang='lat' dir='ltr'>solemnia</span> <span class='ocrx_word' id='word_1_262' title='bbox 853 2666 1097 2702; x_wconf 91' lang='lat' dir='ltr'>nuncupasse</span> <span class='ocrx_word' id='word_1_263' title='bbox 1110 2654 1252 2691; x_wconf 82' lang='lat' dir='ltr'>fertur.</span> 
     </span>
    </p>

    <p class='ocr_par' dir='ltr' id='par_1_13' title="bbox 370 2714 899 2762">
     <span class='ocr_line' id='line_1_32' title="bbox 370 2714 899 2762; baseline 0.002 -13"><span class='ocrx_word' id='word_1_264' title='bbox 370 2714 386 2735; x_wconf 81' lang='lat'><strong>⁸</strong></span> <span class='ocrx_word' id='word_1_265' title='bbox 434 2714 534 2750; x_wconf 91' lang='lat' dir='ltr'>Vide</span> <span class='ocrx_word' id='word_1_266' title='bbox 552 2715 669 2762; x_wconf 90' lang='lat' dir='ltr'>epist.</span> <span class='ocrx_word' id='word_1_267' title='bbox 694 2715 778 2761; x_wconf 85' lang='lat'><strong>265,</strong></span> <span class='ocrx_word' id='word_1_268' title='bbox 797 2727 840 2751; x_wconf 88' lang='lat' dir='ltr'>n.</span> <span class='ocrx_word' id='word_1_269' title='bbox 862 2725 899 2761; x_wconf 93' lang='lat'>9.</span> 
     </span>
    </p>

    <p class='ocr_par' dir='ltr' id='par_1_14' title="bbox 295 2767 1916 3055">
     <span class='ocr_line' id='line_1_33' title="bbox 367 2767 1914 2821; baseline -0.004 -12"><span class='ocrx_word' id='word_1_270' title='bbox 367 2774 382 2795; x_wconf 81' lang='lat'><strong>⁴</strong></span> <span class='ocrx_word' id='word_1_271' title='bbox 430 2773 621 2809; x_wconf 88' lang='lat' dir='ltr'>Polancus</span> <span class='ocrx_word' id='word_1_272' title='bbox 638 2773 826 2810; x_wconf 89' lang='lat' dir='ltr'>Madridio</span> <span class='ocrx_word' id='word_1_273' title='bbox 843 2781 864 2818; x_wconf 86' lang='lat'><strong>5</strong></span> <span class='ocrx_word' id='word_1_274' title='bbox 889 2772 1034 2821; x_wconf 85' lang='lat' dir='ltr'>Aprilis</span> <span class='ocrx_word' id='word_1_275' title='bbox 1058 2771 1147 2818; x_wconf 82' lang='lat'>1563</span> <span class='ocrx_word' id='word_1_276' title='bbox 1164 2773 1260 2808; x_wconf 90' lang='lat' dir='ltr'>haec</span> <span class='ocrx_word' id='word_1_277' title='bbox 1283 2771 1332 2807; x_wconf 90' lang='lat' dir='ltr'>de</span> <span class='ocrx_word' id='word_1_278' title='bbox 1356 2769 1564 2817; x_wconf 84' lang='lat' dir='ltr'>Aethiopia</span> <span class='ocrx_word' id='word_1_279' title='bbox 1586 2768 1802 2805; x_wconf 87' lang='lat' dir='ltr'>nuntiabat:</span> <span class='ocrx_word' id='word_1_280' title='bbox 1829 2767 1914 2803; x_wconf 91' lang='lat' dir='ltr'>«De</span> 
     </span>
     <span class='ocr_line' id='line_1_34' title="bbox 295 2825 1914 2879; baseline -0.004 -11"><span class='ocrx_word' id='word_1_281' title='bbox 295 2831 449 2879; x_wconf 84' lang='lat' dir='ltr'>Etiopia</span> <span class='ocrx_word' id='word_1_282' title='bbox 466 2843 536 2867; x_wconf 91' lang='lat' dir='ltr'>nos</span> <span class='ocrx_word' id='word_1_283' title='bbox 552 2831 628 2868; x_wconf 89' lang='lat' dir='ltr'>dan</span> <span class='ocrx_word' id='word_1_284' title='bbox 644 2834 713 2869; x_wconf 67' lang='lat' dir='ltr'>ad</span> <span class='ocrx_word' id='word_1_285' title='bbox 734 2833 884 2869; x_wconf 86' lang='lat' dir='ltr'>buenas</span> <span class='ocrx_word' id='word_1_286' title='bbox 904 2842 1068 2878; x_wconf 84' lang='lat' dir='ltr'>nueuas,</span> <span class='ocrx_word' id='word_1_287' title='bbox 1092 2842 1169 2879; x_wconf 88' lang='lat' dir='ltr'>que</span> <span class='ocrx_word' id='word_1_288' title='bbox 1194 2831 1252 2867; x_wconf 88' lang='lat' dir='ltr'>los</span> <span class='ocrx_word' id='word_1_289' title='bbox 1275 2835 1504 2878; x_wconf 87' lang='lat' dir='ltr'>portugeses</span> <span class='ocrx_word' id='word_1_290' title='bbox 1521 2839 1593 2864; x_wconf 90' lang='lat' dir='ltr'>son</span> <span class='ocrx_word' id='word_1_291' title='bbox 1609 2828 1675 2863; x_wconf 75' lang='lat' dir='ltr'>alli</span> <span class='ocrx_word' id='word_1_292' title='bbox 1692 2825 1869 2871; x_wconf 86' lang='lat' dir='ltr'>uenidos‚</span> <span class='ocrx_word' id='word_1_293' title='bbox 1887 2838 1914 2873; x_wconf 87' lang='lat' dir='ltr'><strong>y</strong></span> 
     </span>
     <span class='ocr_line' id='line_1_35' title="bbox 295 2884 1916 2938; baseline -0.004 -11"><span class='ocrx_word' id='word_1_294' title='bbox 295 2891 372 2927; x_wconf 75' lang='lat' dir='ltr'>han</span> <span class='ocrx_word' id='word_1_295' title='bbox 389 2890 565 2938; x_wconf 88' lang='lat' dir='ltr'>ayudado</span> <span class='ocrx_word' id='word_1_296' title='bbox 582 2892 618 2927; x_wconf 89' lang='lat' dir='ltr'>al</span> <span class='ocrx_word' id='word_1_297' title='bbox 634 2902 708 2938; x_wconf 71' lang='lat' dir='ltr'>rey</span> <span class='ocrx_word' id='word_1_298' title='bbox 721 2890 772 2927; x_wconf 84' lang='lat' dir='ltr'>de</span> <span class='ocrx_word' id='word_1_299' title='bbox 789 2891 956 2938; x_wconf 83' lang='lat' dir='ltr'>Etiopia,</span> <span class='ocrx_word' id='word_1_300' title='bbox 974 2892 1010 2927; x_wconf 90' lang='lat' dir='ltr'>el</span> <span class='ocrx_word' id='word_1_301' title='bbox 1032 2891 1122 2938; x_wconf 89' lang='lat' dir='ltr'>qual</span> <span class='ocrx_word' id='word_1_302' title='bbox 1139 2901 1213 2926; x_wconf 90' lang='lat' dir='ltr'>con</span> <span class='ocrx_word' id='word_1_303' title='bbox 1236 2901 1283 2925; x_wconf 88' lang='lat' dir='ltr'>su</span> <span class='ocrx_word' id='word_1_304' title='bbox 1304 2889 1414 2925; x_wconf 83' lang='lat' dir='ltr'>fauor</span> <span class='ocrx_word' id='word_1_305' title='bbox 1436 2900 1459 2924; x_wconf 91' lang='lat' dir='ltr'>a</span> <span class='ocrx_word' id='word_1_306' title='bbox 1476 2887 1562 2924; x_wconf 86' lang='lat' dir='ltr'>sido</span> <span class='ocrx_word' id='word_1_307' title='bbox 1583 2885 1795 2922; x_wconf 87' lang='lat' dir='ltr'>uencedor.</span> <span class='ocrx_word' id='word_1_308' title='bbox 1824 2884 1916 2921; x_wconf 77' lang='lat' dir='ltr'>Tie-</span> 
     </span>
     <span class='ocr_line' id='line_1_36' title="bbox 297 2944 1914 2997; baseline -0.004 -11"><span class='ocrx_word' id='word_1_309' title='bbox 297 2961 418 2986; x_wconf 89' lang='lat' dir='ltr'>nense</span> <span class='ocrx_word' id='word_1_310' title='bbox 435 2952 502 2985; x_wconf 73' lang='lat' dir='ltr'>aea</span> <span class='ocrx_word' id='word_1_311' title='bbox 519 2961 587 2996; x_wconf 85' lang='lat' dir='ltr'>por</span> <span class='ocrx_word' id='word_1_312' title='bbox 603 2950 751 2986; x_wconf 89' lang='lat' dir='ltr'>buenas</span> <span class='ocrx_word' id='word_1_313' title='bbox 768 2961 916 2986; x_wconf 90' lang='lat' dir='ltr'>nueuas</span> <span class='ocrx_word' id='word_1_314' title='bbox 933 2961 1003 2997; x_wconf 90' lang='lat' dir='ltr'>por</span> <span class='ocrx_word' id='word_1_315' title='bbox 1019 2951 1056 2986; x_wconf 92' lang='lat' dir='ltr'>lo</span> <span class='ocrx_word' id='word_1_316' title='bbox 1073 2961 1149 2997; x_wconf 91' lang='lat' dir='ltr'>que</span> <span class='ocrx_word' id='word_1_317' title='bbox 1166 2954 1254 2985; x_wconf 89' lang='lat' dir='ltr'>toea</span> <span class='ocrx_word' id='word_1_318' title='bbox 1270 2950 1292 2984; x_wconf 71' lang='lat' dir='ltr'>a</span> <span class='ocrx_word' id='word_1_319' title='bbox 1309 2950 1346 2984; x_wconf 91' lang='lat' dir='ltr'>la</span> <span class='ocrx_word' id='word_1_320' title='bbox 1362 2958 1539 2995; x_wconf 86' lang='lat' dir='ltr'>empresa</span> <span class='ocrx_word' id='word_1_321' title='bbox 1550 2945 1615 2981; x_wconf 86' lang='lat' dir='ltr'>del</span> <span class='ocrx_word' id='word_1_322' title='bbox 1627 2944 1914 2992; x_wconf 72' lang='lat' dir='ltr'>paniarcha...»</span> 
     </span>
     <span class='ocr_line' id='line_1_37' title="bbox 296 3008 1112 3055; baseline -0.001 -10"><span class='ocrx_word' id='word_1_323' title='bbox 296 3010 358 3045; x_wconf 85' lang='lat' dir='ltr'>Ex</span> <span class='ocrx_word' id='word_1_324' title='bbox 374 3009 597 3055; x_wconf 88' lang='lat' dir='ltr'>archetypo,</span> <span class='ocrx_word' id='word_1_325' title='bbox 616 3008 656 3044; x_wconf 89' lang='lat' dir='ltr'>in</span> <span class='ocrx_word' id='word_1_326' title='bbox 676 3008 771 3044; x_wconf 84' lang='lat' dir='ltr'>Cocl.</span> <span class='ocrx_word' id='word_1_327' title='bbox 795 3009 918 3051; x_wconf 85' lang='lat' dir='ltr'>PLB,</span> <span class='ocrx_word' id='word_1_328' title='bbox 939 3017 1006 3044; x_wconf 86' lang='lat'>122</span> <span class='ocrx_word' id='word_1_329' title='bbox 1022 3011 1112 3054; x_wconf 88' lang='lat'><strong>(49).</strong></span> 
     </span>
    </p>

    <p class='ocr_par' dir='ltr' id='par_1_15' title="bbox 371 3065 1596 3114">
     <span class='ocr_line' id='line_1_38' title="bbox 371 3065 1596 3114; baseline -0.002 -12"><span class='ocrx_word' id='word_1_330' title='bbox 371 3068 386 3090; x_wconf 79' lang='lat'>⁸</span> <span class='ocrx_word' id='word_1_331' title='bbox 433 3067 600 3103; x_wconf 91' lang='lat' dir='ltr'>Thomas</span> <span class='ocrx_word' id='word_1_332' title='bbox 617 3066 888 3104; x_wconf 84' lang='lat' dir='ltr'>Darbishirus?</span> <span class='ocrx_word' id='word_1_333' title='bbox 908 3067 1002 3114; x_wconf 85' lang='lat' dir='ltr'>Ejus</span> <span class='ocrx_word' id='word_1_334' title='bbox 1019 3079 1184 3104; x_wconf 85' lang='lat' dir='ltr'>examen</span> <span class='ocrx_word' id='word_1_335' title='bbox 1201 3066 1291 3103; x_wconf 87' lang='lat' dir='ltr'>vide</span> <span class='ocrx_word' id='word_1_336' title='bbox 1307 3067 1349 3103; x_wconf 86' lang='lat' dir='ltr'>in</span> <span class='ocrx_word' id='word_1_337' title='bbox 1364 3065 1548 3114; x_wconf 66' lang='lat' dir='ltr'>append,</span> <span class='ocrx_word' id='word_1_338' title='bbox 1566 3065 1596 3100; x_wconf 94' lang='lat' dir='ltr'>I.</span> 
     </span>
    </p>

    <p class='ocr_par' dir='ltr' id='par_1_16' title="bbox 370 3120 1916 3174">
     <span class='ocr_line' id='line_1_39' title="bbox 370 3120 1916 3174; baseline -0.002 -11"><span class='ocrx_word' id='word_1_339' title='bbox 370 3128 386 3149; x_wconf 56' lang='grc' dir='ltr'>ὅ</span> <span class='ocrx_word' id='word_1_340' title='bbox 435 3127 623 3163; x_wconf 89' lang='lat' dir='ltr'>Polancus</span> <span class='ocrx_word' id='word_1_341' title='bbox 649 3126 851 3174; x_wconf 89' lang='lat' dir='ltr'>Madridio,</span> <span class='ocrx_word' id='word_1_342' title='bbox 872 3127 956 3163; x_wconf 92' lang='lat' dir='ltr'>loco</span> <span class='ocrx_word' id='word_1_343' title='bbox 978 3138 1101 3174; x_wconf 88' lang='lat' dir='ltr'>nuper</span> <span class='ocrx_word' id='word_1_344' title='bbox 1125 3126 1259 3174; x_wconf 88' lang='lat' dir='ltr'>citato,</span> <span class='ocrx_word' id='word_1_345' title='bbox 1285 3126 1381 3162; x_wconf 89' lang='lat' dir='ltr'>haee</span> <span class='ocrx_word' id='word_1_346' title='bbox 1407 3125 1455 3162; x_wconf 88' lang='lat' dir='ltr'>ad</span> <span class='ocrx_word' id='word_1_347' title='bbox 1480 3136 1563 3161; x_wconf 88' lang='lat' dir='ltr'>rem</span> <span class='ocrx_word' id='word_1_348' title='bbox 1587 3122 1737 3160; x_wconf 79' lang='lat' dir='ltr'>scribit:</span> <span class='ocrx_word' id='word_1_349' title='bbox 1765 3120 1851 3169; x_wconf 88' lang='lat' dir='ltr'>«Oy</span> <span class='ocrx_word' id='word_1_350' title='bbox 1876 3122 1916 3168; x_wconf 85' lang='lat'>[5</span> 
     </span>
    </p>
   </div>
  </div>
 </body>
</html>
