2196 3522
1033 318 1046 344 1
1053 309 1118 354 561
1849 310 1897 355 85

253 425 370 463 rum,
401 410 501 454 siue
528 411 648 467 quod
678 411 836 466 nollet,
866 411 967 457 siue
996 412 1123 467 quod
1150 426 1246 456 non
1271 418 1442 469 posset;
1475 410 1601 456 nolui
1627 411 1750 458 enim
1785 410 1898 455 illud

253 487 515 533 decernere.

344 566 503 621 Itaque
523 565 746 622 despondi
767 565 969 610 animum
991 581 1019 610 a
1038 564 1300 610 visitatione
1317 565 1535 611 Bethicae
1550 571 1599 610 et
1614 558 1895 624 Aragoniae,

255 648 303 687 et
323 634 540 686 constitui
561 644 683 700 apud
703 657 777 687 me
796 643 856 687 de
875 657 1055 687 summa
1075 656 1243 686 rerum.

343 717 451 763 Dixi
467 718 666 764 Araozio
687 721 804 765 velle
826 734 899 764 me
919 719 1125 765 diuidere
1144 719 1426 777 prouinciam
1446 721 1673 765 Castellae
1694 719 1743 763 in
1763 721 1895 774 duas;

255 795 388 854 regni
422 795 598 841 scilicet
634 798 837 851 toletani,
876 804 924 843 et
960 796 1126 842 veteris
1162 797 1405 850 Castellae,
1428 804 1475 841 et
1516 812 1657 854 quum
1683 797 1693 857 Ι
1718 798 1899 843 abesset

258 875 311 916 P.
338 874 373 916 F
375 872 626 927 ranciscus,
649 874 896 933 designare
915 873 1291 927 commissarium;
1316 874 1506 931 eligeret
1528 873 1626 931 ipse
1643 876 1769 930 quod
1785 876 1898 919 mal-

256 950 334 993 let:
353 964 456 995 esse
491 950 845 1005 commissarius,
875 966 935 995 an
962 950 1254 1008 prouincialis
1281 951 1543 995 altervtrius
1570 951 1834 1008 prouinciae
1865 954 1894 995 ¹.

345 1027 550 1072 Euoeaui
570 1028 874 1085 prouinciales
897 1027 1264 1072 Bustamantium
1286 1042 1391 1071 cum
1416 1029 1470 1072 P.
1498 1029 1637 1083 Placa
1663 1034 1710 1073 et
1731 1029 1895 1087 Suare,

257 1105 527 1149 Cordesium
550 1119 656 1149 cum
672 1107 893 1158 Romano,
912 1112 958 1150 et
980 1104 1073 1148 dixi
1095 1111 1145 1148 vt
1165 1105 1479 1162 examjnarent
1499 1119 1583 1163 per
1608 1120 1762 1150 meum
1789 1120 1900 1150 exa-

259 1195 364 1226 men
394 1196 554 1228 omnes
587 1185 748 1226 Patres
777 1189 823 1227 et
857 1183 1034 1235 fratres,
1064 1189 1112 1226 et
1140 1182 1344 1228 facerent
1371 1182 1459 1227 illis
1485 1182 1680 1227 liberum
1717 1182 1900 1226 nomine

260 1273 381 1311 meo,
421 1260 547 1315 quod
573 1273 663 1317 ego
689 1259 824 1303 simul
849 1259 993 1305 literis
1020 1260 1078 1303 ad
1105 1259 1227 1316 ipsos
1253 1259 1372 1303 datis
1393 1259 1697 1304 communiter
1715 1259 1826 1314 dixi,
1850 1267 1900 1302 vt

259 1335 431 1393 singuli
446 1335 697 1381 scriberent
713 1336 903 1382 secretis
918 1336 1061 1382 literis
1083 1336 1300 1393 quicquid
1315 1344 1446 1382 erant
1467 1336 1694 1394 praesenti
1715 1336 1898 1391 dicturi,

259 1417 305 1457 et
324 1413 383 1458 de
403 1427 470 1466 se,
497 1413 610 1457 lvo
629 1411 707 1472 [et]
729 1414 788 1457 de
808 1415 947 1458 rebus
967 1413 1166 1470 collegij;
1187 1421 1233 1458 et
1250 1413 1392 1458 indixi
1409 1428 1501 1470 quo
1519 1421 1724 1471 tempore
1746 1420 1900 1459 essent

258 1483 456 1533 venturi.
482 1490 690 1535 Euoeaui
710 1498 944 1548 praeterea
967 1492 1019 1534 P.
1047 1492 1433 1536 Valderauanum.
1460 1490 1600 1536 Volui
1621 1490 1775 1535 statim
1791 1490 1902 1534 visi-

260 1573 356 1610 tare
377 1567 514 1624 regni
531 1567 718 1611 toletani
739 1574 786 1612 et
807 1568 1034 1612 Castellae
1057 1567 1266 1625 collegia,
1297 1568 1420 1624 quod
1447 1567 1558 1612 mihi
1585 1575 1684 1612 erat
1710 1582 1902 1613 conces-

258 1657 377 1696 sum,
401 1652 449 1689 et
469 1644 582 1688 nihil
602 1644 796 1703 amplius
814 1646 1092 1690 contendere
1114 1645 1147 1688 ².

351 1721 509 1777 Quum
529 1723 643 1766 haec
665 1729 923 1775 tractarem,
949 1729 1137 1767 venerat
1157 1723 1215 1766 ad
1236 1737 1310 1768 me
1325 1736 1480 1768 comes
1496 1722 1712 1775 serianus,
1732 1721 1811 1778 qui
1835 1722 1894 1765 fa>

239 1797 558 1844 'miliarissime
578 1798 761 1856 quidem
781 1813 961 1844 mecum
983 1799 1095 1857 egit,
1126 1799 1134 1858 Ι
1161 1815 1187 1844 a
1214 1813 1306 1856 quo
1332 1799 1537 1845 intellexi
1564 1799 1677 1843 nihil
1706 1798 1815 1842 mihi
1844 1800 1902 1842 ab

261 1874 361 1932 ipso
382 1875 591 1933 praesidij
613 1876 845 1934 expectari
864 1891 1016 1934 posse,
1034 1884 1123 1920 etc.
1147 1876 1349 1922 «Tienen
1364 1877 1431 1920 las
1447 1890 1606 1920 manos
1614 1894 1653 1929 »¹
1671 1882 1760 1920 etc.
1782 1877 1903 1919 Rur-

263 1967 365 1997 sum
386 1953 521 2010 redijt
540 1968 713 2007 comes,
738 1954 863 1999 venit
883 1954 992 1998 item
1015 1953 1281 1998 Rodericus:
1310 1953 1385 1998 hic
1414 1961 1555 1998 totam
1582 1968 1766 1998 causam
1795 1953 1904 1996 fecit

261 2031 401 2087 longe
420 2030 718 2076 dificiliorem.
743 2031 883 2076 Visus
904 2038 974 2076 est
994 2030 1152 2076 venire
1173 2037 1402 2075 commoto
1431 2038 1569 2087 atque
1596 2030 1775 2076 infenso
1803 2029 1902 2074 ani—

263 2122 353 2159 mo,
378 2108 501 2164 quod
521 2122 663 2165 quum
684 2105 967 2164 miraremur,
991 2108 1121 2166 petijt
1142 2124 1169 2152 a
1189 2123 1261 2152 me
1282 2115 1333 2152 vt
1353 2109 1470 2152 duos
1498 2109 1659 2152 Patres
1686 2107 1903 2165 designa-

263 2183 523 2245 rem,[cum]
539 2184 705 2242 quibus
720 2186 778 2229 de
795 2186 932 2229 rebus
948 2184 1231 2243 grauissimis
1247 2191 1421 2242 ageret.
1441 2183 1697 2242 Designaui
1722 2186 1774 2228 P.
1802 2185 1902 2228 An-

263 2262 438 2306 tonium
454 2269 501 2306 et
518 2264 571 2307 P.
585 2262 949 2307 Bustamantium
962 2262 1051 2321 (hic
1066 2262 1188 2306 enim
1204 2262 1293 2306 iam
1309 2262 1530 2320 venerat).
1550 2261 1687 2319 Legit
1702 2261 1790 2305 illis
1806 2260 1903 2318 epi-

264 2339 427 2383 stolam
449 2341 575 2397 Mag.
603 2340 790 2384 Polanci
811 2355 869 2385 ex
889 2339 1209 2385 commissione
1232 2341 1285 2384 P.
1318 2339 1546 2397 generalis
1566 2340 1625 2383 ad
1651 2353 1725 2383 me
1751 2339 1903 2381 datam

266 2415 490 2461 Lutetiae.
516 2418 652 2461 Hanc
672 2416 908 2474 epistolam
930 2416 1233 2473 interceperat
1254 2416 1522 2470 Rodericus‚
1543 2431 1648 2460 nam
1664 2430 1782 2468 eam,
1801 2414 1902 2471 opi-

267 2505 367 2544 nor,
392 2491 575 2537 miserat
596 2496 651 2538 P.
677 2494 906 2538 Polancus
921 2509 1001 2551 per
1015 2495 1219 2551 legatum
1238 2493 1449 2554 Philippi.
1467 2494 1534 2537 Ea
1550 2500 1648 2537 erat
1665 2492 1763 2536 171
1791 2491 1905 2535 scri—

268 2575 346 2624 pta
365 2575 525 2613 contra
546 2570 810 2624 Araozium‚
835 2578 886 2615 vt
905 2571 1049 2624 illum,
1075 2571 1148 2615 vel
1169 2571 1227 2614 ad
1247 2570 1506 2623 concilium,
1531 2570 1605 2615 vel
1630 2570 1816 2612 domurn
1846 2568 1904 2611 ad

266 2659 392 2697 suos,
424 2646 496 2689 vel
525 2646 613 2695 alia
639 2647 815 2692 ratione
835 2647 898 2692 ita
919 2662 1120 2706 agerem,
1145 2654 1196 2690 vt
1211 2646 1286 2691 ille
1301 2648 1483 2692 abesset
1498 2647 1557 2691 ab
1573 2646 1693 2698 aula,
1712 2652 1759 2690 et
1774 2651 1904 2688 erant

268 2722 354 2775 his,
390 2736 508 2778 quae
529 2737 679 2776 narro,
705 2723 950 2781 asperiora.
981 2724 1172 2769 Addidit
1199 2723 1500 2768 contumelias
1520 2723 1780 2767 verborum:
1810 2719 1907 2779 [ait]

266 2812 368 2843 esse
414 2798 648 2852 inuidiam,
682 2806 771 2844 etc.
810 2807 863 2844 vt
895 2802 1010 2846 haec
1044 2801 1103 2845 ad
1129 2816 1203 2845 me
1245 2800 1482 2845 referrent:
1534 2814 1583 2843 se
1631 2813 1723 2842 non
1770 2811 1905 2854 posse

266 2875 427 2919 deesse
450 2875 663 2919 Araozio:
687 2875 865 2930 minari,
889 2884 979 2922 etc.
1005 2879 1037 2921 ⁸.

342 3001 354 3022 ¹
403 3000 664 3047 SAccnmus,
681 3001 743 3036 loc
773 3000 867 3046 cit„
885 3013 928 3037 n.
951 3012 1013 3047 44.

341 3062 355 3081 ²
405 3059 666 3105 SAccmNUS,
684 3060 759 3095 loc.
778 3059 849 3095 cit.
862 3085 872 3104 ,
889 3071 930 3095 n.
949 3069 1009 3106 45.

342 3119 357 3139 ⁸
407 3118 667 3165 Saccnmus,
685 3118 760 3154 loc.
779 3117 865 3165 cit.‚
883 3130 949 3154 nn.
968 3127 1030 3165 45,
1047 3120 1106 3164 46.
