2196 3522
314 269 383 314 518
881 271 1019 306 EPIST.
1046 270 1091 306 P.
1119 269 1389 316 Nimim-348
1412 271 1462 284 ‘

314 372 395 424 cis,
417 386 533 427 quae
549 374 638 415 hoc
655 371 761 416 anni
778 371 947 416 circulo
965 377 1095 428 gesta
1110 371 1216 425 sint,
1237 373 1291 416 T.
1314 373 1368 416 R.
1396 374 1450 416 P.
1475 372 1764 429 perscribam3
1790 386 1875 417 nec
1891 373 1951 418 de

316 448 546 501 omnibus,
577 450 657 493 sed
684 449 741 493 de
769 448 823 492 iis
852 454 1051 501 tantum,
1082 462 1199 504 quae
1227 463 1306 505 per
1326 463 1398 493 me
1419 448 1578 493 inutile
1598 449 1948 494 instrumentum

317 525 573 570 obedientia
594 526 692 570 fieri
715 525 874 570 uoluit.
903 527 975 580 Et,
1002 532 1053 568 ut
1074 541 1101 570 a
1122 525 1477 582 profectionibus
1498 525 1662 579 ordiar,
1694 527 1948 584 quadrage-

316 601 460 644 simali
478 609 678 659 tempore
700 602 864 647 missus
886 618 912 646 a
934 604 1063 646 Rmo.
1090 601 1380 659 strigoniensi
1407 603 1417 624 ¹
1442 603 1498 645 ad
1520 609 1732 646 montana
1753 605 1949 660 Hunga-

316 678 429 732 riae,
462 686 512 722 ut
541 678 708 724 ibidem
743 679 872 724 uerbi
904 693 1172 736 praeconem
1204 677 1261 722 eo'
1290 686 1491 735 tempore
1519 693 1726 736 agerem,
1758 681 1952 725 honeste

317 755 499 812 quidem
522 772 548 800 a
569 756 830 801 ciuitatibus
851 764 1069 813 exceptus
1091 771 1214 810 sum;
1240 771 1344 799 nam
1369 755 1476 799 uino
1497 762 1543 800 et
1564 755 1763 813 piscibus
1784 757 1954 813 ubique

317 839 503 877 senatus
524 848 607 877 nos
634 834 899 878 honorando
928 833 1120 889 excepit.
1153 833 1286 877 Vecti
1314 840 1467 877 autem
1495 847 1653 876 sumus
1675 847 1811 876 curru
1831 835 1951 877 hun-

317 909 493 966 garico,
518 910 761 954 comitante
783 925 867 953 nos
898 911 1066 953 famulo
1094 909 1236 963 Rmi.,
1268 909 1346 965 qui
1374 916 1418 955 et
1450 916 1573 952 tutor
1594 916 1640 953 et
1667 909 1956 966 dispensator

318 1001 468 1030 rerum
490 986 845 1031 necessariarum
873 1002 899 1029 a
921 988 1052 1030 Rmo.
1079 986 1210 1030 nobis
1232 986 1472 1030 adiunctus
1494 993 1578 1039 est,
1604 993 1671 1039 ut,
1695 986 1734 1029 si
1750 1001 1866 1043 opus
1882 1001 1954 1032 es—

318 1070 403 1116 set,
429 1065 486 1107 ob
508 1063 838 1108 haereticorum
860 1064 1091 1117 malitiam,
1116 1063 1250 1107 etiam
1273 1063 1491 1107 militibus
1518 1063 1864 1108 custodiremur.
1891 1064 1958 1108 At

319 1155 413 1184 non
435 1140 714 1185 admiserunt
735 1156 818 1184 nos
840 1142 896 1184 ad
925 1147 1148 1198 suggesta
1175 1141 1377 1184 locorum
1405 1140 1582 1184 illorum
1612 1140 1850 1193 haeretici,
1874 1155 1955 1185 ex-

318 1217 597 1262 cusationem
626 1218 973 1274 praetendentes
1011 1219 1235 1261 tumultus
1272 1217 1448 1274 populi3
1479 1233 1584 1261 nam
1608 1217 1727 1262 idem
1756 1224 1824 1262 est
1852 1217 1957 1261 Wi-

321 1294 585 1351 tembergae
607 1302 652 1340 et
674 1294 720 1337 in
742 1294 968 1338 montanis
990 1294 1077 1338 illis
1099 1294 1285 1338 uersari.
1313 1296 1531 1347 Tandem,
1557 1295 1666 1338 dum
1688 1296 1801 1339 haec
1822 1309 1952 1351 prae-

319 1371 405 1414 suli
430 1372 642 1424 rescribo,
668 1379 713 1416 et
742 1386 920 1415 rursum
944 1378 1156 1428 expecto,
1180 1372 1308 1415 adest
1329 1371 1535 1415 uisitator
1557 1386 1612 1415 ex
1635 1371 1853 1428 capitulo,
1879 1370 1956 1427 qui

320 1448 475 1492 multis
503 1449 712 1505 precibus
745 1449 941 1493 obtinuit
975 1456 1025 1492 ut
1059 1449 1406 1507 congregationi
1441 1450 1726 1493 sacerdotum
1763 1448 1956 1493 interes-

323 1541 433 1579 sem,
459 1541 549 1582 quo
572 1526 731 1570 maiori
753 1541 857 1569 cum
879 1525 1045 1570 fiducia
1068 1527 1209 1571 uerba
1232 1527 1379 1571 facere
1401 1540 1571 1582 eosque
1592 1525 1850 1570 examinare
1872 1539 1957 1569 au-

320 1604 462 1648 deret.
492 1603 714 1647 Consensi
735 1603 929 1647 homini:
955 1603 1130 1648 inuenti
1151 1610 1258 1646 sunt
1288 1614 1330 1658 5,
1355 1610 1401 1648 et
1421 1603 1551 1660 primi
1573 1603 1671 1648 sine
1697 1602 1870 1663 ordine,
1895 1616 1952 1646 ex

319 1680 688 1737 witembergensi
704 1680 896 1737 collegio
913 1680 1053 1733 missi,
1068 1695 1149 1737 per
1165 1680 1496 1737 impositionem
1514 1695 1732 1724 manuum
1744 1679 1958 1732 ordinati,

320 1765 366 1801 et
382 1773 407 1801 a
426 1757 634 1814 Philippo
652 1758 847 1813 quodam
866 1757 917 1814 (si
934 1757 1043 1801 satis
1061 1757 1275 1814 memini):
1296 1757 1343 1800 hi
1361 1772 1464 1801 cum
1483 1758 1709 1811 timerent,
1733 1757 1807 1814 [et]
1833 1772 1860 1800 a
1880 1771 1955 1802 me

318 1849 500 1890 quoque
522 1834 680 1877 moniti
702 1842 855 1879 essent
878 1847 956 1879 eos
978 1849 1127 1891 neque
1148 1842 1429 1878 sacramenta
1451 1835 1781 1888 administrare,
1806 1847 1957 1889 neque

319 1912 511 1955 uerbum
540 1911 626 1956 Dei
654 1911 876 1956 seminare
907 1927 1039 1968 posse
1077 1911 1174 1956 sine
1210 1911 1416 1956 idolatria
1447 1919 1492 1956 et
1520 1911 1716 1955 maximo
1744 1910 1960 1955 scandalo

320 2002 373 2032 ac
390 1995 594 2045 peccato,
620 2002 756 2045 agere
778 2003 959 2044 quoque
982 1996 1140 2033 contra
1157 1989 1424 2046 scripturam
1443 1996 1490 2034 et
1512 2003 1671 2033 omnes
1689 1990 1865 2041 Patres;
1885 1986 1958 2030 ni-

318 2065 399 2108 hili
439 2066 666 2118 fecerunt,
707 2072 753 2108 et
791 2067 982 2110 tacendo
1014 2065 1166 2122 potius
1197 2066 1348 2109 omnia
1379 2067 1659 2110 refutarunt:
1691 2078 1853 2121 quare,
1887 2065 1956 2107 lo-

317 2143 503 2198 quendo
520 2143 577 2185 ad
598 2157 709 2196 rem,
735 2143 792 2186 ab
816 2142 966 2185 officio
987 2144 1294 2199 deponuntur,
1315 2158 1387 2187 me
1404 2144 1640 2196 suadente,
1661 2158 1687 2187 a
1704 2141 1954 2186 uisitatore:

317 2220 369 2262 fit
399 2233 570 2272 rumor,
604 2220 845 2271 clamatur,
881 2234 1100 2263 uocamur
1128 2219 1318 2274 diaboli,
1349 2219 1462 2272 rasi,
1487 2220 1744 2263 sacerdotes
1774 2218 1884 2262 Baal
1911 2224 1960 2262 et

318 2295 607 2340 Antichristi.
635 2298 801 2339 Moneo
826 2296 1102 2341 familiariter
1126 2296 1275 2340 uerbis
1303 2295 1511 2340 mitibus:
1548 2311 1664 2339 «non
1686 2298 1776 2339 hoc
1798 2296 1960 2339 edocet

318 2372 612 2429 euangelium
649 2372 858 2416 inimicos
896 2374 1290 2429 blasphemandos:
1326 2388 1455 2417 orare
1483 2373 1498 2394 ³
1532 2372 1658 2416 iubet
1690 2387 1772 2429 pro
1805 2386 1960 2429 perse-

323 2449 611 2506 quentibus.»
637 2451 742 2493 Non
765 2457 887 2494 recte
909 2435 1050 2506 igitur
1071 2465 1149 2493 eos
1171 2464 1308 2507 agere
1329 2450 1437 2493 dum
1468 2449 1686 2493 conuiciis
1716 2448 1829 2492 alios
1850 2463 1958 2505 pro-

323 2526 551 2569 scindunt.
578 2527 670 2571 Sed
691 2526 802 2569 nihil
824 2541 1007 2570 monere
1029 2527 1161 2580 iuuit,
1187 2533 1233 2571 et
1255 2541 1332 2571 ora
1352 2526 1398 2569 in
1421 2541 1492 2570 me
1514 2526 1718 2570 coniecta
1739 2527 1797 2569 ad
1819 2526 1958 2568 male-

319 2602 561 2646 dicendum
594 2601 728 2646 culici
756 2603 1097 2658 aperiebantur,
1129 2603 1358 2647 diabolum
1388 2603 1534 2660 magis
1562 2617 1697 2659 quam
1729 2601 1955 2646 hominem

323 2679 576 2722 clamantia:
603 2693 687 2724 nec
710 2679 852 2722 ualuit
875 2680 1111 2737 depositi03
1138 2695 1241 2725 nam
1264 2681 1321 2723 ad
1343 2695 1426 2724 sua
1446 2679 1625 2736 munia,
1657 2678 1868 2722 omnibus
1888 2677 1963 2737 in-¹

323 2755 451 2809 uitis,
485 2757 669 2799 abeunt.
702 2757 824 2812 Ego,
856 2757 1066 2800 omnibus
1094 2757 1478 2814 repugnantibus,
1509 2757 1555 2799 in
1584 2754 1796 2812 hospitali
1817 2754 1961 2798 libero

324 2839 415 2875 tres
431 2832 570 2875 habui
592 2846 840 2877 sermones:
866 2835 1069 2890 approbo
1091 2835 1213 2890 quod
1236 2833 1293 2877 sit
1315 2848 1424 2878 uera
1446 2832 1651 2878 ecclesia:
1672 2830 1961 2888 excipiuntur

320 2908 457 2962 dicta,
482 2910 533 2951 fit
555 2923 723 2962 rumor,
744 2910 973 2966 spargitur
988 2925 1219 2954 sermones
1234 2911 1379 2954 bonos
1396 2924 1511 2963 esse;
1532 2910 1613 2953 sed
1631 2916 1783 2953 tamen
1799 2907 1846 2950 in
1861 2905 1961 2950 aliis

396 3017 404 3037 ¹
456 3014 641 3051 Nicolaus
660 3015 823 3062 Olahus,
841 3016 1156 3064 archiepiscopus
1174 3016 1460 3063 strigoniensis.

390 3076 404 3096 ‘-'
455 3074 545 3120 Ms.,
560 3077 724 3111 orante.

2153 0 2196 27 2'!
