2196 3522
162 0 865 51 werwxwsw'fflr
878 0 982 31 λι
1359 0 1390 13 --
1414 0 1418 6 =
1446 0 1450 1 ⁷
1505 0 1522 15 ι·
1587 0 1591 2 v

937 293 1160 340 APPEunnt
1351 339 1354 342 ῃ
1793 299 1862 343 651

219 396 343 454 apud
365 396 477 440 tales
499 395 676 449 fratres,
707 409 847 453 aegre
873 394 1213 439 satisfacturum
1241 410 1357 450 esse,
1382 395 1502 440 sicut
1524 396 1694 442 rectius
1724 397 1861 442 etiam

223 458 359 500 Pater
381 454 717 499 commissarius
738 461 889 512 potest
909 454 1128 509 iudicare,
1154 470 1259 499 nam
1282 455 1437 500 multis
1458 455 1641 512 quidem
1657 457 1863 514 partibus

173 558 176 562 .
224 517 276 559 P.
303 514 585 559 Rabenstain
607 513 792 560 inferior
814 528 915 558 esse
936 514 1132 558 videtur.

936 629 1136 671 XXXIV

755 705 806 740 B.
837 703 1041 740 PETRUS
1068 703 1318 741 CANISIUS

624 784 825 815 PATRI
888 783 1145 824 JACOBO
1208 783 1458 814 LAINEZ

667 848 926 904 Augustae,
949 858 1002 890 22
1015 845 1220 904 Januarii
1245 847 1355 901 1564
1378 849 1404 890 ¹.

571 925 632 960 De
651 924 780 959 variis
796 923 976 971 collegiis
993 925 1031 958 et
1045 922 1229 969 personis
1241 923 1498 970 pro-vinciae.

308 990 412 1033 Non
434 989 561 1032 licuit
582 988 693 1031 mihi
716 989 832 1032 ultra
853 987 1043 1031 biduum
1066 987 1332 1044 Ingolstadii
1348 988 1528 1032 morari.
1550 989 1656 1032 Huc
1673 1005 1767 1033 non
1785 1005 1858 1034 re—

215 1049 490 1092 currendum
514 1048 600 1092 fuit
622 1049 681 1091 ob
703 1061 870 1091 munus
891 1046 1209 1091 concionandi:
1234 1062 1367 1103 spero
1389 1056 1541 1092 autem
1565 1056 1667 1104 post
1689 1052 1858 1105 pascha

216 1108 434 1164 praestari
450 1123 476 1151 a
487 1122 560 1152 me
572 1122 702 1163 posse
714 1106 1013 1158 commodius,
1029 1121 1146 1162 quae
1163 1107 1221 1149 ad
1234 1106 1541 1150 visitationem
1559 1108 1855 1165 collegiorum

215 1174 438 1223 spectant.
466 1169 714 1210 Excurram
737 1173 890 1210 tamen
914 1165 1203 1209 Monachium
1234 1173 1340 1209 ante
1369 1167 1779 1222 quadragesimam,
1808 1176 1858 1211 ut

215 1226 430 1283 audia[m]
455 1225 545 1269 illic
573 1240 754 1282 quoque
787 1226 962 1277 fratres,
994 1224 1072 1280 qui
1094 1238 1218 1268 nunc
1246 1225 1392 1269 serius
1423 1235 1528 1269 vota
1550 1229 1852 1280 renovabunt,

216 1300 321 1328 cum
339 1294 443 1330 ante
459 1299 631 1342 paucos
647 1299 827 1330 menses
844 1285 963 1329 idem
983 1284 1188 1338 fecerint,
1210 1293 1448 1340 praesente
1471 1285 1557 1329 illis
1576 1288 1712 1330 Patre
1729 1301 1850 1330 com-

216 1345 435 1388 missario.
462 1346 755 1400 Acceperunt
776 1358 898 1387 nunc
920 1343 1148 1388 Monachii
1175 1343 1337 1387 missos
1359 1359 1415 1388 ex
1445 1346 1671 1401 Eniponto
1695 1343 1854 1390 Patres

219 1406 272 1447 P.
305 1403 602 1449 Laurentium
630 1411 676 1447 et
705 1405 758 1447 P.
799 1403 1137 1456 Theobaldum,
1169 1403 1288 1446 sicut
1315 1404 1553 1447 constituit
1585 1406 1853 1450 Reverenda

220 1463 476 1508 Paternitas
499 1465 612 1507 Tua.
1364 1518 1367 1521 Ι

306 1525 473 1566 Rector
509 1522 842 1578 aenipontanus
875 1536 967 1565 non
996 1535 1153 1578 parum
1183 1520 1389 1577 angitur,
1431 1523 1552 1577 quod
1585 1522 1641 1566 sit
1668 1524 1855 1567 orbatus

216 1581 462 1638 praedictis
485 1581 715 1634 Patribus,
741 1589 787 1626 et
808 1580 1026 1626 maiorem
1049 1580 1096 1623 in
1118 1582 1302 1624 modum
1326 1588 1459 1638 vrget
1482 1582 1514 1634 ε’,
1542 1589 1592 1624 ut
1614 1581 1675 1624 illi
1692 1584 1850 1627 redda-

218 1648 294 1684 tur
315 1656 341 1684 a
370 1640 767 1684 monachiensibus
798 1642 850 1684 P.
883 1639 1127 1692 Henricus‚
1159 1654 1293 1695 quem
1318 1642 1370 1683 P.
1403 1641 1577 1684 Natalis
1599 1641 1856 1698 designavit

212 1700 521 1745 coadiutorem
539 1702 593 1744 P.
613 1699 854 1753 Dominici,
875 1700 933 1742 ad
948 1699 1146 1743 novitios
1163 1699 1389 1744 Monachii
1407 1699 1575 1743 rectius
1591 1701 1854 1757 gubernan-

214 1760 314 1803 dos.
342 1760 465 1803 Idem
486 1766 635 1804 rector
656 1759 849 1812 subinde
877 1759 1040 1815 repetit
1067 1772 1222 1802 secum
1245 1758 1575 1803 incommodius
1603 1759 1678 1816 agi
1707 1761 1851 1804 Aeni-

214 1818 355 1875 ponti,
381 1819 506 1864 velut
528 1818 634 1862 alibi
655 1818 797 1875 possit
818 1818 973 1862 sanius
993 1817 1163 1870 vivere,
1188 1825 1234 1861 et
1256 1825 1325 1863 est
1352 1818 1426 1862 ille
1454 1819 1555 1875 plus
1577 1819 1686 1863 satis
1707 1820 1849 1876 pusil-

213 1878 408 1931 lanimis,
433 1878 609 1931 anxius,
635 1877 943 1930 meticulosus,
967 1877 1262 1933 suspiciosus,
1288 1878 1558 1933 querulosus
1581 1879 1614 1932 ⁵,
1640 1893 1850 1923 necessa-

213 1937 308 1981 rius
331 1945 480 1980 tamen
504 1937 550 1979 in
572 1951 626 1980 eo
648 1938 766 1990 loco,
794 1945 843 1979 ut
865 1936 974 1979 mihi
997 1936 1177 1993 quidem
1197 1936 1391 1981 videtur.
1414 1937 1668 1994 Explicabit
1687 1941 1738 1982 P.
1761 1941 1850 1982 Na·

152 2048 155 2051 Ι
214 1997 316 2040 talis
339 1996 470 2040 facile
491 2011 607 2051 quae
628 1997 684 2039 ad
708 1995 948 2053 collegium
970 1997 1057 2039 hoc
1078 1995 1361 2052 pertinent...
1395 1997 1530 2052 Quod
1561 1998 1617 2040 ad
1650 1998 1850 2042 rationes

211 2070 513 2112 expensarum
536 2055 713 2108 attinet,
738 2055 849 2098 nihil
869 2069 983 2112 opus
1005 2061 1074 2099 est
1096 2056 1186 2098 huc
1209 2055 1386 2100 mittere
1407 2056 1703 2112 pecuniam...
1727 2058 1850 2102 Reli—

210 2129 348 2171 quam
372 2122 559 2171 partem‚
591 2114 629 2157 si
657 2114 766 2170 quid
794 2113 923 2158 nobis
951 2115 1252 2158 exolvendum
1281 2123 1511 2171 superest,
1543 2115 1736 2160 libenter
1767 2118 1849 2160 da-

214 2189 317 2218 mus
340 2176 392 2218 P.
420 2173 570 2219 Natali
592 2174 649 2217 ad
670 2173 809 2217 libros
828 2174 1101 2218 coemendos
1123 2189 1309 2218 romano
1331 2174 1579 2231 collegio...

945 2305 1125 2348 XXXV

575 2388 635 2422 P.
683 2385 994 2433 JOANNES
1035 2387 1117 2422 DE
1159 2386 1483 2427 POLANCO

860 2469 910 2493 ex
926 2467 1203 2494 commissmne

731 2542 875 2574 PATRI
899 2543 1109 2574 NICOLAO
1132 2544 1325 2575 LANOYO

618 2615 810 2665 Romae,
867 2625 918 2670 19
966 2612 1199 2657 Februarii
1248 2615 1359 2669 1564
1402 2614 1433 2657 ⁴.

520 2696 685 2732 Natalis
701 2695 856 2742 semper
873 2695 1010 2731 alacer
1026 2695 1071 2731 in
1093 2694 1317 2732 Germania
1326 2696 1532 2748 juvanda.

374 2771 427 2813 El
444 2771 490 2813 P.
509 2770 619 2812 M.r0
640 2767 785 2811 Nadal
803 2781 939 2810 senza
955 2781 1078 2811 esser
1092 2767 1315 2811 solicitato
1332 2769 1357 2811 e
1377 2770 1391 2791 ⁵
1408 2769 1466 2812 da
1483 2784 1532 2813 se
1548 2775 1694 2813 stesso
1710 2783 1850 2825 pron-

292 2893 302 2913 ¹
353 2890 412 2925 Ex
430 2889 651 2935 apographo
666 2886 817 2923 recenti
834 2897 911 2922 non
929 2891 988 2922 sat
1006 2891 1199 2931 accurato,
1218 2887 1258 2922 in
1276 2887 1406 2935 Epist.
1431 2887 1602 2930 canisii,
1623 2888 1655 2933 1,
1678 2896 1757 2932 127.

351 2937 516 2983 Apogr.,
535 2936 657 2982 viget.

350 2985 513 3031 Apogr.,
528 2982 762 3029 quarelosus
770 3009 778 3018 .

349 3033 407 3114 {dx
426 3032 613 3077 Regesto,
637 3029 737 3065 Cod.
761 3038 806 3075 33
823 3028 879 3075 e),
898 3026 972 3064 fol.
999 3035 1060 3072 54.

392 3091 440 3124 s.,
459 3082 515 3114 et.

283 2941 300 3101 :abu-0
