2196 3522
301 284 349 319 80
867 281 911 315 P.
941 280 1129 315 NATAL1s
1155 280 1378 317 EPHEMER.

300 384 391 428 Hic
412 398 504 427 non
527 383 675 426 solum
696 381 806 424 mihi
828 380 956 424 visus
977 387 1047 425 est
1063 379 1258 426 idoneus
1273 381 1454 437 praeter
1469 386 1692 437 caeteros,
1711 383 1793 427 sed
1809 396 1943 439 quem

299 462 409 514 fere,
435 456 550 516 quos
573 459 908 510 consulueram,
933 471 1093 502 omnes
1114 456 1215 513 alijs
1235 457 1569 514 praeferebant.
1871 515 1874 518 Ι

389 536 554 583 Orauit
575 550 664 589 me,
684 534 723 578 si
740 533 1028 591 contingeret
1045 533 1195 591 ipsum
1212 540 1466 591 aegrotare,
1485 541 1536 578 vt
1552 533 1617 578 illi
1634 542 1756 580 esset
1769 537 1945 580 substi-
1988 528 1989 531 ¹

299 622 426 659 tutus
449 616 499 658 P.
523 612 689 667 Miron,
715 612 838 668 quod
874 610 1079 668 probaui.
1121 610 1400 655 Renuntiaui
1435 610 1579 668 igitur
1614 612 1938 668 prouincialem

301 676 633 746 PssGoncalum
655 688 865 742 Vazium,
891 688 938 731 in
959 702 1050 743 quo
1072 687 1359 744 designando
1384 688 1561 732 nullum
1588 689 1722 746 plane
1748 690 1944 735 verbumv

298 750 385 819 feci
405 767 480 812 vel
502 766 688 823 reginae
708 765 779 809 vel
803 764 1036 819 cardinali,
1061 771 1112 807 vt
1132 765 1288 810 darem
1310 765 1569 822 exemplum
1598 767 1940 812 conseruandae

296 849 478 888 nostrae
499 842 737 895 libertatis,
758 842 881 899 quod
896 841 1099 885 intellexi
1115 842 1219 885 152
1242 841 1383 887 fuisse
1399 857 1426 886 a
1442 841 1661 886 cardinali
1678 843 1938 899 probatum.

389 921 533 967 Simul
544 918 804 964 renuntiaui
816 918 1124 976 praepositum
1134 919 1297 962 domus
1309 919 1642 976 vlysiponensis
1671 921 1726 982 Ρ
1743 921 1802 964 D.
1824 921 1940 964 Tor-

298 1014 409 1052 rem,
434 997 692 1041 ministrum
731 998 784 1040 P.
827 995 1096 1040 Michaelem
1133 997 1190 1040 de
1226 996 1359 1050 Sosa,
1392 995 1740 1040 subministrum
1770 999 1824 1041 P.
1851 998 1942 1042 Mi-

298 1077 502 1121 chaelem
528 1073 867 1131 perpinianum,
894 1074 1081 1117 fratrem
1103 1073 1244 1117 Petri.

389 1155 629 1198 Rectorem
666 1150 845 1207 collegij
885 1149 1232 1194 conimbriensis
1260 1151 1315 1194 P.
1348 1151 1644 1196 Emanuelem
1674 1152 1870 1196 Aluares
1904 1152 1932 1195 ¹.

393 1273 502 1317 158
966 1283 1175 1338 EUORAE,
1201 1271 1265 1314 2.⁰

386 1386 493 1430 Fuit
514 1385 686 1429 inutilis
708 1385 845 1437 mula,
886 1398 1022 1440 quam
1059 1383 1247 1428 dederat
1282 1382 1459 1440 regina.
1491 1385 1604 1427 Eam
1642 1383 1751 1428 emit
1774 1386 1934 1429 eodem

299 1463 452 1521 precio
475 1470 619 1506 mater
639 1461 783 1505 nostri
806 1463 859 1504 P.
886 1461 1101 1504 Andreae
1130 1459 1362 1516 Caruallij,
1393 1466 1440 1505 et
1474 1467 1710 1517 praeterea
1746 1462 1933 1514 mulam,

296 1541 431 1584 vilem
453 1540 636 1596 quidem
659 1539 797 1592 illam,
830 1539 911 1582 sed
933 1552 1051 1595 quae
1075 1537 1163 1581 fuit
1189 1536 1322 1581 nobis
1357 1537 1496 1591 vtilis,
1527 1537 1719 1582 donauit
1748 1536 1815 1597 [?]:
1841 1554 1935 1583 non·

297 1617 435 1662 debui
457 1617 677 1672 accipere,
698 1623 786 1659 etc.
814 1618 994 1660 Mecum
1017 1614 1144 1660 venit
1161 1616 1215 1658 P.
1235 1615 1271 1658 F
1273 1613 1507 1659 ranciscus
1524 1614 1750 1660 Henrices
1765 1622 1812 1659 et
1827 1630 1935 1672 pro—

300 1693 522 1738 uincialis.
549 1692 743 1737 Visitaui
766 1693 887 1748 quod
909 1698 1006 1736 erat
1027 1693 1042 1712 ²
1075 1691 1316 1747 reliquum.
1347 1691 1578 1748 Respondi
1606 1691 1935 1736 dificultatibus

300 1770 530 1815 Francisci
547 1769 767 1826 Henricij,
780 1769 951 1814 etiamsi
971 1769 1321 1823 dificulter,tum
1337 1775 1521 1826 propter
1537 1783 1693 1814 earum
1720 1769 1728 1828 Ι
1754 1769 1934 1827 magni-

296 1848 518 1900 tudinem,
561 1854 657 1890 tum
695 1854 879 1903 propter
922 1847 1183 1902 frequentes
1219 1845 1341 1889 illius
1379 1844 1530 1889 Patris
1564 1845 1929 1891 intercessiones.

297 1924 527 1981 Respondi
540 1925 676 1981 longe
687 1923 861 1967 facilius
875 1923 1202 1967 dificultatibus
1215 1922 1363 1967 Patris
1376 1922 1683 1980 prouincialis.
1701 1925 1931 1981 Respondi

294 2000 669 2061 [difficultatibus]
704 2001 900 2058 collegij.
929 1983 1258 2044 Commendaui
1286 2003 1380 2045 M.0
1405 2000 1613 2046 Ferrerio
1642 2007 1692 2044 vt
1713 2015 1929 2058 compen—

295 2078 421 2122 dium
439 2078 549 2120 mihi
565 2078 871 2122 conscriberet
886 2079 942 2121 de
960 2077 1162 2122 moribus
1173 2077 1505 2122 haereticorum
1518 2077 1825 2134 antiquorum,
1842 2085 1929 2123 etc.v

298 2157 403 2200 Non
421 2154 544 2200 fecit.

383 2232 473 2275 Hic
501 2232 558 2275 ad
586 2231 857 2288 abigendam
888 2232 1140 2275 molestiam
1169 2231 1405 2284 nobilium,
1431 2230 1510 2287 qui
1537 2233 1852 2276 commeabant
1879 2231 1926 2275 in

294 2311 495 2361 hortum,
521 2308 613 2351 dixi
635 2315 684 2351 vt
699 2308 952 2365 deligerent
975 2311 1157 2352 Patrem
1179 2308 1377 2364 aliquem
1398 2309 1656 2365 probatum,
1682 2322 1818 2364 quem
1840 2308 1931 2353 illis

293 2385 587 2429 coniunctum
610 2393 860 2438 monerent,
886 2393 935 2428 vt
957 2400 1061 2429 cum
1082 2385 1171 2429 illis
1187 2393 1344 2443 ageret
1364 2386 1421 2429 de
1437 2385 1575 2429 rebus
1595 2384 1923 2442 spiritualibus;

293 2462 371 2519 qui
392 2462 430 2505 si
456 2477 551 2506 non
576 2463 864 2518 proficerent,
896 2470 1054 2519 ageret
1081 2463 1138 2508 de
1165 2461 1333 2506 iudicio
1359 2461 1622 2514 Vniuersali,
1647 2462 1704 2505 de
1725 2461 1920 2517 inferno,

291 2540 349 2584 de
369 2540 476 2583 ¹59
496 2539 595 2595 alijs
615 2540 752 2584 rebus
775 2539 1065 2593 terribilibus,
1090 2554 1207 2596 quae
1234 2539 1335 2583 illos
1360 2538 1545 2595 abigere
1565 2547 1767 2595 possent3
1800 2541 1922 2596 quod

289 2616 379 2660 illis
399 2616 552 2669 cessit,
572 2631 680 2667 nam,
693 2616 949 2659 maluerunt
972 2618 1028 2660 ad
1043 2619 1229 2660 hortum
1244 2631 1338 2660 non
1354 2630 1622 2670 commeare,
1642 2631 1777 2672 quam
1794 2616 1923 2660 illum

293 2694 477 2736 Patrem
499 2693 796 2737 disserentem
815 2693 970 2737 audire
988 2695 1020 2736 ³.

380 2769 582 2813 Deduxit
603 2784 674 2813 me
696 2770 753 2812 ad
781 2784 919 2812 vnum
942 2778 1021 2813 aut
1045 2772 1237 2816 alterurn
1258 2769 1445 2814 miliare.
1478 2770 1721 2825 Monitum,
1748 2777 1844 2814 tum
1865 2770 1928 2814 de.

365 2973 376 2992 ⁴
427 2970 491 3006 Nil
511 2969 551 3006 in
569 2970 636 3005 fol.
660 2978 726 3015 157
747 2982 785 3004 v.
802 2970 989 3017 scriptum
1008 2978 1081 3007 est.

360 3032 376 3052 ³
426 3030 515 3074 Ms.,
534 3032 623 3065 erat
641 3029 837 3065 iteratum.

358 3090 374 3110 ³
424 3089 683 3134 SACCfflNus,
702 3089 778 3124 loc.
803 3088 894 3133 cit.,
915 3101 952 3124 n.
975 3099 1031 3135 29.
