2196 3522
969 276 1191 322 Appmhnx
1826 289 1897 326 549

262 395 304 438 3.
329 382 479 427 Sanus
498 374 600 424 sum
621 380 709 425 Dei
729 379 891 438 gratia.
917 393 968 435 4.v
986 380 1203 426 Libenter
1222 382 1381 426 doceo.
1409 393 1452 437 5.
1485 381 1687 438 Tepidus
1714 396 1893 438 semper

261 455 362 485 sum
390 440 437 484 in
460 440 758 492 orationibus,
788 441 869 484 sed
896 454 987 483 non
1015 441 1074 483 ob
1111 442 1230 484 hanc
1266 455 1464 485 causam.
1497 442 1540 485 6.
1569 443 1671 499 Jam
1707 440 1892 497 quidem

260 500 418 544 videor
438 499 549 543 satis
570 514 644 544 me
665 514 946 555 praeparare;
971 500 1053 544 sed
1080 499 1126 543 in
1148 500 1444 557 philosophia,
1470 500 1577 557 quia
1598 500 1778 557 saepius
1807 501 1892 544 do-

260 573 460 614 cueram,
491 559 555 602 iui
583 559 825 614 aliquando
853 573 945 602 non
974 558 1180 614 praeuisa
1211 559 1406 604 lectione
1434 561 1491 603 ad
1527 561 1721 604 scholas.
1757 571 1799 614 7.
1840 561 1889 618 In

261 618 455 663 lectione
487 617 749 674 quotidiana
778 617 882 674 plus
906 617 1056 661 minus
1083 617 1262 675 viginti,
1293 619 1338 662 in
1368 618 1454 662 alia
1481 626 1633 663 autem
1661 619 1891 663 auditores

260 678 511 722 rhetoricae
526 684 572 721 et
588 677 821 721 dilecticae
837 684 884 720 et
901 677 1129 734 physicae.
1152 679 1194 721 8.
1216 678 1440 722 Videntur
1455 679 1690 735 proficere.
1710 694 1754 736 9.
1773 679 1890 722 Nul-

261 737 350 780 lam
378 736 728 782 inobedientiam
756 736 803 779 in
830 736 943 781 meis
970 736 1242 781 lectionibus
1268 745 1482 794 expertus
1509 752 1626 781 sum.
1664 749 1730 781 10.
1762 739 1891 781 Haec

259 804 590 853 praeceptores,
616 810 730 852 quos
751 795 958 850 audiunt,
983 795 1185 851 quotidie
1202 796 1348 853 magis
1364 804 1541 852 curant;
1562 797 1740 840 interim
1758 796 1890 840 multi

259 863 368 899 sunt
405 870 598 912 magnae
633 855 977 911 expectationis.
1024 867 1091 898 11.
1131 855 1304 900 Videor
1341 855 1555 900 adhibere
1586 855 1885 912 diligentiam.

265 927 332 959 12.
359 916 425 958 Ita
446 922 530 960 est.
563 928 630 971 13.
656 916 790 958 Hanc
810 928 965 958 curam
988 914 1087 970 alijs
1109 915 1478 971 praeceptoribus
1495 914 1672 970 reliqui,
1692 917 1772 958 sed
1789 929 1888 960 cre-

258 975 341 1017 bro
361 989 439 1018 eos
461 975 518 1018 ad
539 973 751 1030 pietatem
773 974 1009 1017 admoneo.
1042 986 1107 1027 14.
1130 974 1270 1018 Nullo
1292 975 1441 1018 modo.
1474 986 1539 1029 15.
1573 976 1673 1031 Ego
1699 974 1811 1017 illud
1842 974 1887 1017 in

258 1033 486 1090 magistris
514 1048 603 1076 non
642 1047 768 1084 curo,
808 1033 885 1089 qui
920 1039 1028 1075 sunt
1065 1033 1225 1077 fratres
1252 1033 1410 1077 nostri.
1441 1033 1488 1076 in
1517 1033 1700 1089 reliquis
1727 1042 1889 1077 curant

259 1100 590 1149 praeceptores.
632 1093 700 1136 16.
731 1091 877 1135 Etiam
911 1091 1034 1135 istud
1061 1092 1432 1148 praeceptoribus
1459 1093 1651 1149 proprijs
1678 1093 1888 1136 classium

257 1151 556 1208 singularium
577 1158 714 1196 curae
736 1158 820 1196 est.
852 1163 919 1205 17.
946 1151 1116 1196 Videor
1138 1151 1248 1194 mihi
1268 1151 1388 1195 hac
1376 1167 1423 1195 m
1450 1160 1578 1209 parte
1606 1167 1698 1195 non
1728 1153 1888 1196 deesse
1910 1146 1919 1154 ’

258 1211 359 1255 illis.
393 1212 458 1255 18.
479 1213 708 1278 Juuamus
724 1225 803 1267 per
826 1210 1029 1267 publicas
1050 1225 1102 1254 ac
1123 1211 1324 1267 priuatas
1346 1211 1676 1256 admonitiones
1698 1212 1754 1254 ad
1777 1226 1887 1254 con-

261 1270 516 1315 fessionem.
548 1269 763 1326 Superior
791 1285 915 1315 meas
940 1269 1162 1315 lectiones
1188 1285 1367 1327 semper
1393 1271 1542 1323 audit,
1574 1279 1620 1315 et
1647 1271 1766 1314 vltro
1795 1285 1883 1323 me,

257 1329 295 1372 si
318 1329 427 1386 quid
447 1329 520 1382 sit,
545 1330 772 1381 admonet;
797 1343 887 1386 ego
910 1336 1061 1374 tamen
1081 1343 1217 1386 saepe
1239 1329 1363 1373 illum
1388 1331 1595 1383 consulo,
1627 1337 1672 1374 et
1701 1344 1804 1373 cum
1834 1344 1889 1373 eo

257 1389 456 1433 confero.
484 1363 752 1432 F'ranciscus
775 1389 1007 1432 Costerus.
1035 1388 1091 1446 [A
1114 1391 1245 1446 tergo
1265 1390 1360 1432 alia
1383 1390 1556 1447 mama]
1575 1365 1784 1446 Risposte
1801 1390 1888 1434 alle

257 1446 603 1506 interrogationi
624 1447 806 1492 comuni
828 1447 872 1491 di
895 1448 1100 1492 Colonia.
1127 1448 1197 1505 [II,
1228 1449 1439 1507 176-178]

352 1520 389 1552 1.
454 1508 730 1551 Franciscus
767 1505 1079 1559 Haemerolus,
1109 1508 1218 1551 alias
1245 1508 1571 1564 ΒαεΙιαενί)ε.ς.
1605 1520 1646 1551 2.
1680 1506 1890 1564 Triginta
1912 1549 1914 1553 .

254 1567 384 1610 duos.
414 1580 455 1622 3.
482 1566 707 1610 Inferioris
728 1566 1017 1619 Germaniae,
1044 1567 1315 1611 Brabantiae
1345 1567 1636 1635 provinciae&
1651 1567 1885 1623 episcopa

257 1633 332 1670 tus
363 1627 590 1681 quondam
618 1625 873 1670 leodiensis:
906 1640 1027 1669 nunc
1057 1627 1275 1670 habemus
1286 1626 1534 1694 proprium
1568 1626 1866 1693 episcopum..

220 1731 226 1733 ,
264 1698 330 1729 12.
356 1685 608 1742 Trigesima
631 1685 779 1729 Martii
802 1693 936 1730 erunt
959 1685 1168 1729 undecim
1191 1685 1297 1729 anni
1318 1685 1399 1743 [ab
1427 1686 1640 1742 ingressu
1671 1685 1716 1728 in
1747 1686 1858 1730 Soc.
1872 1685 1884 1743 ]

257 1745 303 1787 in
341 1746 427 1787 hoc
436 1721 675 1802 ξ,130116ςί0,
715 1759 741 1787 a
778 1746 831 1788 R.
865 1747 917 1788 Ρ.
951 1746 1203 1797 Leonardo,
1238 1745 1348 1788 feria
1376 1761 1420 1788 v.
1453 1745 1499 1788 in
1522 1759 1664 1788 coena
1685 1743 1885 1796 Domini,

240 1818 361 1857 ,cum
384 1805 526 1848 altero
547 1804 620 1847 die
645 1803 953 1848 Parasceves
942 1818 1053 1847 1rem
1078 1806 1265 1848 Romam
1299 1806 1367 1847 ¹...
1410 1817 1477 1858 14.
1513 1805 1734 1850 Sacerdos
1767 1818 1884 1847 sum.

263 1874 329 1917 15.
356 1865 541 1915 Romae,
568 1862 786 1916 Viennae,
812 1863 1048 1908 Colloniae
1070 1870 1115 1906 et
1138 1863 1405 1920 Maguntiae
1426 1863 1677 1921 [habitaui].
1707 1864 1772 1906 16.
1794 1865 1890 1906 Ro—

257 1937 356 1966 mae
373 1937 452 1978 per
469 1929 662 1978 quatuor
683 1936 878 1975 menses,
903 1922 1108 1966 Viennae
1130 1937 1209 1978 per
1230 1931 1428 1981 quatuor
1450 1937 1647 1966 annos...
1671 1923 1759 1965 Hic
1782 1936 1891 1966 vero
1937 1923 1941 1927 '

258 1981 474 2025 Coloniae
491 1996 570 2037 per
591 1982 709 2024 duos
730 1996 874 2025 annos
889 1995 1044 2025 curam
1068 1996 1318 2038 pannorum
1337 1982 1475 2026 habui
1493 1990 1538 2027 et
1559 1981 1887 2025 infirmarius...

257 2040 577 2090 Confessiones
599 2047 858 2084 nostrorum
876 2041 1183 2084 studiosorum
1213 2049 1258 2085 et
1286 2041 1538 2098 aliquarum
1575 2041 1814 2084 mulierum
1844 2040 1891 2082 in

254 2099 465 2157 profestis
488 2099 649 2143 diebus
676 2098 858 2156 [audivi]
885 2101 1006 2156 apud
1028 2101 1240 2145 Sanctam
1264 2101 1532 2145 Ursulam...
1559 2100 1629 2157 [II,
1657 2112 1758 2155 257,
1786 2100 1887 2157 258]

353 2172 388 2202 1.
455 2160 700 2201 Francisco
726 2159 890 2215 Sunye'.
925 2172 965 2202 2.
1000 2161 1106 2215 Ago
1145 2159 1428 2216 trigesimum
1467 2159 1661 2216 primum
1700 2174 1886 2202 annum.

257 2231 298 2272 3.
325 2218 477 2261 Patria
497 2225 567 2261 est
585 2218 827 2271 Barchino,
854 2218 1086 2274 prouincia
1107 2226 1176 2262 est
1198 2219 1519 2262 Cathalonia...
1554 2220 1597 2262 6.
1624 2221 1755 2262 Duae
1784 2225 1893 2261 sunt

257 2276 365 2320 mihi
387 2292 580 2330 sorores,
604 2291 795 2332 quarum
818 2292 908 2320 una
931 2285 1000 2321 est
1021 2280 1257 2329 monacha,
1284 2286 1424 2334 nupta
1447 2279 1588 2322 altera
1604 2285 1674 2321 est
1691 2278 1801 2321 satis
1819 2276 1892 2319 di-

257 2350 351 2379 ves.
375 2348 416 2390 7.
431 2336 531 2394 Juri
552 2336 672 2379 civili
691 2350 743 2379 ac
765 2335 984 2379 canonico
1005 2351 1187 2392 operam
1205 2337 1384 2390 dabam,
1403 2337 1450 2379 in
1468 2337 1634 2392 quibus
1652 2352 1773 2381 eram
1792 2350 1889 2389 me<

258 2394 471 2439 diocriter
496 2403 757 2439 versatus...
782 2408 871 2438 -12.
899 2396 1016 2440 Sunt
1045 2410 1125 2438 sex
1152 2396 1258 2439 anni
1286 2397 1523 2440 studebam
1549 2396 1782 2448 Perusiae,
1813 2395 1890 2437 vbi

259 2454 324 2496 fui
353 2462 577 2511 receptus:
614 2456 830 2510 probatus
861 2462 907 2499 et
929 2454 1211 2498 examinatus
1238 2457 1464 2499 Romae...
1504 2468 1570 2508 14.
1603 2456 1714 2499 Sum
1737 2469 1882 2497 sacer-

257 2514 352 2556 dos.
385 2524 450 2568 15.
477 2513 560 2556 Fui
583 2513 629 2556 in
651 2528 836 2557 romano
858 2521 903 2557 et
924 2513 1159 2558 viennensi
1176 2515 1384 2571 collegio.
1405 2513 1541 2573 [ὅσω.
1570 2527 1605 2557 1.
1627 2516 1886 2569 Antequam

256 2572 492 2628 ingressus
513 2587 658 2616 essem
680 2572 970 2624 Societatem,
992 2587 1070 2628 per
1092 2585 1144 2616 Io
1161 2588 1303 2616 annos
1319 2573 1405 2616 iuri
1422 2573 1543 2616 civili
1561 2588 1742 2629 operam
1766 2571 1886 2615 dedi:

255 2638 493 2687 postquam
516 2646 618 2675 sum
638 2632 684 2674 in
707 2632 953 2684 Societate,
979 2631 1321 2676 humanioribus
1342 2632 1505 2676 studiis
1534 2642 1579 2676 et
1607 2631 1889 2688 potissimum
1957 2687 1963 2692 ¹

253 2689 563 2746 philosophiae
584 2705 766 2747 operam
789 2691 893 2735 dedi
917 2692 1012 2735 fere
1035 2705 1112 2746 per
1133 2698 1508 2747 quatuor0annos:
1530 2691 1737 2734 nonnihil
1754 2689 1890 2733 etiam

251 2764 311 2792 ex
332 2749 564 2805 theologia
585 2750 792 2793 audivi...
820 2751 861 2793 6.
885 2749 968 2793 Fui
994 2751 1164 2793 Romae
1185 2751 1242 2793 ad
1264 2750 1511 2807 magisterii
1534 2750 1726 2806 gradum
1748 2749 1794 2791 in
1817 2764 1891 2792 ar—

322 2868 332 2887 ¹
385 2868 443 2902 Ex
460 2867 520 2902 his
538 2872 699 2913 apparet
716 2868 790 2903 hoc
808 2856 974 2903 examen
992 2867 1180 2913 scriptum
1200 2867 1323 2903 fuisse
1341 2874 1432 2904 ante
1457 2868 1562 2903 diem
1587 2866 1633 2902 30
1652 2866 1780 2902 Martii
1798 2866 1889 2903 anni

255 2913 359 2959 1563.
380 2914 494 2951 Unde
512 2914 627 2950 facile
645 2915 844 2950 emendari
861 2919 1059 2962 poterunt,
1078 2926 1179 2961 quae
1202 2915 1252 2950 de
1276 2915 1514 2951 Haemerulo
1538 2914 1694 2957 scripsit
1719 2914 1763 2948 P.
1784 2914 1890 2950 DEL-

250 2969 403 3007 PLACE,
428 2961 467 2997 in
492 2962 592 2997 libro
615 2962 679 2997 cui
702 2961 838 2998 titulus
865 2963 909 2997 L'
913 2962 1205 2997 &tablissement
1228 2964 1276 2998 de
1301 2963 1343 2998 la
1365 2962 1408 2999 C.
1433 2964 1481 2998 de
1498 2963 1542 3009 J.
1568 2963 1670 2997 dans
1694 2962 1750 2997 les
1770 2961 1892 3015 Pays-

254 3008 379 3053 Βαε,
368 3020 408 3044 m
421 3009 656 3063 appendice,
675 3020 768 3056 pag.
791 3010 835 3054 4*
854 3009 955 3045 Vide
981 3009 1102 3045 etiam
1126 3009 1346 3054 POLANCO,
1375 3009 1524 3046 Chron.
1553 3010 1624 3053 111,
1644 3007 1728 3054 266,
1747 3007 1861 3053 267,
1850 3019 1893 3044 m

256 3056 521 3092 annotatione.
