2196 3522
902 261 926 296 9
950 249 1201 287 Novmfflms
1230 249 1321 296 1562
1540 280 1549 289 .
1873 257 1942 296 1²9

726 521 732 529 ·
760 431 1481 547 οΟιΟΝΙΕΝζΕξξυΡΕΒῙΟΒΕε
1699 546 1702 547 ⁷

557 584 808 631 P'ATRI
853 588 1352 633 HIERONYMO
1405 587 1687 632 NADAL

761 684 990 721 comma,
1016 686 1040 722 9
1063 684 1307 712 novamus
1335 676 1427 721 1562
1455 678 1482 712 ¹.

290 759 330 786 J.
355 751 563 788 Ordinata
580 765 607 789 a
625 754 676 790 P.
695 753 834 789 Nadal
851 754 994 801 exequi
1008 756 1221 803 satagunt,
1240 753 1383 801 aliqua
1400 754 1669 790 nihilominus
1693 754 1875 790 nondum
1896 754 1944 790 in

360 813 531 858 praxim
564 813 715 849 adduci
742 816 1080 868 potuerinta—2.
1115 813 1177 849 De
1206 814 1449 850 ministeriis
1479 813 1689 850 Societatis
1719 814 1764 850 in
1793 814 1941 862 templo

356 873 398 909 S.
425 874 704 920 Ursulae.—3.
728 873 791 910 De
809 875 968 910 Busaeo
980 876 1019 910 et
1035 873 1173 916 Fabio,
1188 876 1226 909 et
1241 873 1290 910 de
1306 873 1475 922 collegio
1492 874 1748 922 moguntino.

390 989 428 1022 1.
494 976 763 1022 Reverende
784 977 938 1021 Pater.
964 976 1164 1033 Operam
1186 975 1411 1029 dedimus,
1436 983 1503 1029 vt,
1527 990 1645 1032 quae
1661 991 1688 1020 a
1704 962 1820 1020 Rtia
1838 978 1939 1021 Tua

289 1053 504 1099 ordinata
525 1054 728 1108 fuerunt,
753 1052 801 1096 in
823 1067 954 1097 vsum
976 1052 1188 1097 venirent
1209 1053 1242 1096 ³.
1268 1054 1442 1098 Verum
1458 1053 1673 1111 angustia
1688 1053 1776 1097 loci
1792 1053 1938 1112 impe-

288 1131 434 1185 ditur,
459 1130 702 1188 quominus
723 1130 960 1175 commode
986 1130 1276 1175 conuictores
1302 1130 1444 1175 nostri
1475 1131 1523 1175 in
1549 1131 1781 1175 communi
1807 1146 1938 1177 orare

294 1208 485 1266 possint.
511 1208 561 1254 Si
581 1207 629 1252 in
649 1207 803 1264 aliquo
826 1221 1046 1252 successu
1066 1208 1282 1265 temporis
1307 1207 1623 1254 difficultatem
1650 1208 1937 1266 experiamur

290 1285 437 1331 Rtiae
465 1287 519 1331 T.
551 1285 869 1330 indicabimus.
903 1286 1250 1330 Procuratorem
1282 1285 1561 1331 constituere
1592 1286 1795 1330 nondum
1829 1286 1936 1330 data

290 1363 383 1408 fuit
403 1362 702 1421 oportunitas,
726 1370 772 1408 et
791 1363 840 1407 in
861 1365 947 1408 hac
968 1363 1026 1407 ad
1047 1362 1432 1408 baccalauriatum
1460 1363 1734 1408 admissione
1761 1364 1935 1408 solum-

287 1442 431 1485 modo
458 1454 510 1486 10
531 1441 710 1486 daleros
731 1440 1000 1498 recepimus,
1026 1455 1142 1498 quos
1162 1440 1440 1498 pauperibus
1460 1441 1775 1485 distribuimus
1797 1443 1830 1484 ⁸.

384 1531 425 1563 2.
493 1507 713 1563 Canonici
738 1518 864 1564 aedis
890 1520 950 1563 D.
983 1519 1178 1564 Ursulae
1204 1518 1382 1563 molesti
1420 1518 1603 1576 quidem
1641 1533 1764 1563 nunc
1801 1518 1934 1563 nobis

286 1610 386 1640 non
421 1603 544 1649 sunt,
585 1596 665 1640 sed
701 1603 973 1653 potestatem
1010 1595 1310 1643 confessionis
1341 1603 1387 1642 et
1417 1596 1749 1641 communionis
1779 1611 1933 1641 sacra·

291 1680 445 1718 menta
465 1672 809 1717 administrandi
829 1674 952 1730 apud
971 1688 1023 1718 se
1045 1673 1247 1717 nondum
1276 1674 1499 1727 fecerunt,
1533 1681 1636 1731 post
1664 1673 1931 1719 electionem

283 1749 619 1808 archiepiscopi
640 1749 886 1804 videbitur,
912 1750 1021 1806 quid
1042 1750 1234 1795 vlterius
1256 1757 1431 1795 tentare
1452 1751 1588 1795 liceat
1611 1752 1643 1795 ⁴.

383 1841 425 1884 3.
491 1827 581 1872 Vbi
603 1843 631 1872 a
652 1828 849 1872 romanis
877 1827 1250 1882 intellexerimus,
1285 1836 1507 1886 quantum
1536 1830 1805 1874 Theodorus
1835 1831 1932 1873 Bu-

291 1920 398 1951 seus
420 1913 467 1949 et
481 1907 717 1964 Johannes
738 1904 907 1949 Fabius
927 1905 975 1948 in
995 1905 1070 1949 via
1091 1906 1473 1963 consumpserint,
1504 1907 1655 1950 oblata
1681 1906 1931 1951 commodi-

286 1989 393 2027 tate
406 1982 716 2028 restituemus.
742 1982 1016 2039 Maguntino
1036 1981 1231 2040 collegio
1251 1982 1445 2028 libenter
1465 1984 1746 2040 praefectum
1768 1983 1930 2028 conui-

282 2067 468 2104 ctorum
500 2059 800 2115 mitteremus,
831 2060 913 2105 sed
940 2059 1210 2117 magistrum
1238 2060 1516 2118 Gregorium
1544 2061 1737 2105 facultas
1764 2060 1929 2105 artium

283 2138 513 2183 decanum
536 2136 789 2191 constituit,
814 2144 860 2182 et
881 2136 1050 2193 optime
1071 2137 1261 2182 classem
1283 2138 1558 2183 rethoricam
1580 2138 1716 2196 regit,
1740 2145 1791 2181 vt
1812 2138 1859 2181 in
1876 2152 1930 2182 ea

285 2213 500 2259 videatur
521 2213 848 2270 relinquendus
872 2215 903 2257 ⁵.
930 2213 1020 2258 Vbi
1044 2220 1196 2257 tamen
1218 2213 1412 2271 aliquem
1435 2214 1665 2272 petierint,
1697 2215 1848 2259 omnia
1875 2229 1929 2259 ea

288 2290 638 2353 praestabimus,
663 2305 780 2347 quae
802 2290 849 2334 in
877 2297 1033 2334 nostra
1060 2298 1195 2335 erunt
1221 2297 1463 2348 potestate.
1501 2293 1612 2336 Post
1640 2292 1930 2336 Purificatio-

288 2383 396 2413 nem
416 2368 536 2413 enim
559 2382 706 2412 nouos
727 2368 971 2424 magistros
999 2367 1268 2412 habebimus
1294 2370 1328 2422 ⁶,
1361 2369 1654 2426 cathalogum
1681 2369 1928 2414 lectionum

365 2482 377 2502 ¹
426 2481 486 2516 Ex
503 2481 741 2528 apographo,
761 2480 932 2516 Kesselii
950 2491 1067 2516 manu
1084 2486 1258 2527 exarato,
1277 2481 1318 2517 in
1341 2481 1427 2528 ejus
1451 2482 1718 2530 Epistolario,
1745 2481 1840 2518 Cod.
1870 2491 1926 2527 37,

283 2538 357 2575 fol.
380 2538 447 2575 132
464 2551 503 2574 v.
524 2542 619 2584 (20).
642 2539 798 2576 Titulus
816 2539 1052 2575 documento
1070 2539 1160 2575 huic
1177 2540 1387 2587 praefixus:
1407 2542 1473 2577 Ad
1490 2542 1539 2577 R.
1559 2542 1608 2577 P.
1630 2541 1833 2578 Natalem.

360 2600 375 2621 ²
425 2599 539 2645 Quae
556 2599 606 2635 P.
628 2599 753 2635 Nadal
771 2599 811 2635 in
828 2599 997 2646 collegio
1014 2598 1231 2636 coloniensi
1244 2600 1489 2637 observanda
1503 2601 1768 2648 praescripsit,
1784 2603 1929 2638 haben·

283 2663 353 2694 tur
370 2657 410 2694 in
430 2657 529 2694 Cod.
553 2658 592 2702 6,
611 2659 750 2695 Natal.
770 2660 890 2695 instr.
914 2659 1055 2696 Germ.

360 2719 375 2740 ⁵
425 2718 526 2754 Vide
544 2719 664 2766 epist.
688 2727 773 2766 215,
792 2732 831 2756 n.
852 2729 887 2755 2.

358 2779 374 2799 ⁴
423 2777 524 2813 Vide
541 2778 659 2825 epist.
685 2787 769 2824 215,
788 2791 827 2814 n.
851 2787 866 2814 1
887 2791 977 2815 cum
995 2784 1132 2815 annot.

358 2838 373 2859 ⁵
422 2836 524 2872 Vide
542 2837 661 2884 epist.
686 2846 771 2884 215,
790 2850 829 2874 n.
848 2848 872 2884 4
888 2850 978 2874 cum
995 2843 1132 2874 annot.
1369 2868 1373 2878 .

360 2897 375 2918 ⁶
424 2896 470 2931 In
487 2895 630 2932 litteris
648 2897 787 2933 annuis
805 2898 963 2944 collegii
980 2898 1233 2946 coloniensis,
1251 2908 1297 2946 29
1322 2899 1470 2947 Aprilis
1499 2897 1589 2944 1563
1615 2898 1731 2944 datis,
1757 2899 1854 2935 haec
1878 2898 1929 2935 de

281 2955 543 2992 renovatione
573 2955 790 2992 studiorum
807 2983 816 3002 ,
848 2957 1019 2993 Kesselii
1049 2969 1165 2994 manu
1194 2959 1339 3006 scripta
1368 2960 1580 2995 habentur:
1613 2958 1927 2995 «Renovavimus

287 3014 476 3063 proximis
494 3015 581 3052 istis
598 3015 738 3052 diebus
756 3016 886 3052 studia
910 3022 951 3052 et
973 3017 1108 3064 primis
1141 3017 1343 3054 cuiusdam
1373 3018 1510 3054 classis
1540 3029 1701 3054 munera
1729 3017 1924 3063 dedimus,

284 3074 444 3122 aliaque
462 3073 727 3122 exhibuimus,
745 3087 845 3123 quae
863 3075 911 3112 ad
934 3075 1228 3113 inflammandas
1251 3077 1439 3114 iuvenum
1464 3077 1613 3114 animas
1639 3076 1680 3113 in
1704 3077 1931 3114 huiusmodi
