2196 3522
274 265 345 303 326
831 265 969 300 EPIST.
998 263 1042 299 P.
1070 261 1253 298 NADAL—
1272 269 1342 307 290

1033 453 1161 495 29⁰

747 558 791 594 P.
818 555 1059 605 JOANNES
1086 556 1156 592 DE
1182 554 1435 594 PoLANCO

914 665 963 690 ex
989 652 1265 689 commissione

534 746 780 791 PATRI
829 745 1326 789 HIERONYMO
1374 725 1655 789 NADAL

810 848 1024 886 TRIDENTI,
1051 839 1074 874 6
1099 847 1201 883 JULII
1229 837 1320 885 1563
1348 842 1374 876 ¹.

273 936 307 962 Ι.
330 925 578 962 Gundisalvi
604 925 683 961 Vaz
705 927 742 961 et
765 925 952 960 Andreae
979 923 1171 960 Car-vallo
1195 923 1425 960 obitus.-2.
1459 915 1634 959 Litterae
1657 922 1917 971 imperatoris

373 989 411 1022 et
428 986 657 1034 legatorum
670 988 748 1033 pro
766 985 934 1032 collegio
951 995 1138 1020 romano.
1156 1004 1175 1008 -
1193 983 1229 1020 3.
1252 983 1455 1020 Lamberti
1473 984 1584 1020 Auer
1593 981 1811 1031 professio.

370 1082 406 1114 1.
473 1071 570 1114 Pax
591 1069 697 1126 Xpi.
723 1069 876 1114 Desde
896 1070 926 1112 1’
951 1075 1049 1112 otra
1070 1083 1303 1114 semmana
1331 1082 1420 1125 que
1442 1067 1579 1113 scriui
1602 1069 1617 1091 ²
1648 1074 1746 1113 asta
1773 1081 1914 1125 agora

276 1163 368 1193 non
397 1155 602 1193 tenemos
629 1147 742 1192 letra
769 1147 826 1190 de
854 1148 911 1191 V.
943 1148 1018 1201 R.‚
1043 1147 1126 1189 etsi
1154 1162 1210 1203 ay
1238 1161 1352 1204 poco
1381 1161 1471 1203 que
1498 1145 1703 1199 escriuir,
1729 1144 1828 1189 sino
1856 1145 1913 1189 de

276 1240 452 1270 nueuas
473 1226 548 1270 del
569 1224 762 1269 concilio
784 1238 873 1281 que
894 1223 1045 1268 scriuo
1067 1225 1125 1270 de
1146 1231 1316 1282 aparte,
1342 1240 1371 1281 y
1388 1225 1566 1282 aquella
1582 1237 1775 1281 persona
1794 1223 1913 1268 della

275 1304 409 1360 quale
431 1305 446 1325 ³
469 1302 607 1347 scriui
629 1316 712 1359 por
732 1302 776 1346 16
797 1302 1002 1359 passada,
1029 1316 1078 1346 se
1109 1301 1341 1347 comienza
1367 1306 1394 1346 a
1420 1303 1557 1347 hazer
1579 1304 1675 1345 mas
1702 1299 1906 1345 familiar.

278 1383 395 1426 Achi
419 1381 435 1403 ⁴
460 1395 559 1424 uan.
572 1381 765 1438 algunas
785 1380 923 1424 letras
944 1381 1001 1424 de
1022 1381 1190 1437 Spana.
1213 1380 1352 1424 Otras
1372 1381 1530 1425 hemos
1551 1378 1720 1423 hauido
1742 1392 1832 1435 que
1852 1392 1912 1422 no

280 1474 328 1503 se
349 1460 439 1502 han
464 1457 638 1503 auierto
660 1461 767 1511 asin,
792 1472 873 1514 por
893 1458 938 1501 10
959 1459 1128 1501 mucho
1151 1471 1240 1513 que
1267 1472 1324 1514 ay
1351 1472 1408 1502 en
1438 1470 1527 1513 que
1555 1457 1790 1510 entender;
1815 1470 1913 1500 mas

279 1539 423 1581 hanos
445 1535 579 1580 dicho
601 1536 643 1579 el
665 1536 939 1581 embaxador
960 1536 1016 1579 de
1039 1535 1263 1592 Portugal
1287 1536 1302 1558 ⁵
1325 1549 1415 1591 que
1431 1535 1472 1578 el
1487 1536 1611 1579 buen
1629 1537 1682 1579 P.
1708 1534 1914 1579 Gonzalo

279 1616 412 1660 Guaz
435 1615 468 1667 ⁶,
494 1612 785 1670 prouinciale‚
811 1627 859 1657 se
881 1627 964 1657 nos
986 1614 1044 1656 ha
1065 1612 1140 1656 ido
1162 1617 1188 1656 6
1204 1613 1346 1669 mejor
1363 1612 1479 1656 uida.
1501 1614 1696 1657 Mattose
1712 1626 1770 1656 en
1786 1618 1914 1668 parte

277 1707 364 1736 con
387 1692 554 1734 mucho
578 1690 768 1746 trauaj0‚
792 1705 974 1746 aunque
996 1690 1223 1735 hauiendo
1246 1690 1344 1734 sido
1360 1705 1441 1747 por
1458 1690 1499 1735 el
1516 1689 1711 1735 seruicio
1734 1688 1908 1734 diuino.

278 1770 492 1814 Pretiosa
513 1769 565 1811 in
587 1770 820 1824 conspectu
842 1768 1048 1821 Domini,
1066 1775 1153 1812 etc.
1175 1767 1394 1812 Tambien
1411 1767 1559 1812 murio
1576 1768 1708 1824 aquel
1726 1769 1779 1812 P.
1800 1768 1914 1812 Car-

279 1847 399 1892 uallo
424 1849 437 1869 ⁷
461 1852 591 1891 antes
613 1859 703 1902 que
723 1860 773 1890 se
795 1846 1009 1890 acabasse
1031 1845 1088 1889 de
1110 1852 1341 1890 rescattar.
1367 1847 1503 1904 Jest'is
1525 1847 1582 1890 N.
1610 1846 1657 1891 S.
1683 1846 1752 1888 105
1774 1851 1914 1902 tenga

277 1940 333 1969 en
358 1939 412 1968 su
436 1923 596 1981 gloria.
622 1924 719 1967 Fue
746 1922 946 1967 uiolenta
972 1923 1016 1967 la
1043 1930 1219 1969 muerte
1248 1923 1322 1967 del
1351 1923 1563 1967 Caruallo
1590 1937 1672 1980 por
1698 1936 1834 1966 mano
1854 1922 1913 1967 de

277 2016 427 2045 moros
449 2017 506 2046 en
537 2015 627 2044 una
656 2014 944 2044 scaramuzza
972 2015 1058 2044 con
1085 2001 1153 2044 105
1183 2000 1384 2058 xpianos.
1417 2015 1549 2046 cerea
1577 2001 1633 2044 (16
1658 2001 1701 2044 16
1729 1999 1909 2053 eiudad,

279 2094 400 2133 creo,
420 2079 478 2123 de
500 2080 694 2135 Tanger.

369 2169 410 2201 2.
476 2157 564 2200 Las
586 2156 722 2200 letras
744 2157 817 2200 (161
840 2157 1105 2213 emperador
1126 2172 1155 2213 y
1177 2157 1317 2201 delos
1339 2157 1526 2214 legados
1547 2157 1606 2201 de
1622 2159 1726 2213 aqui
1749 2170 1799 2199 se
1820 2158 1911 2200 han

277 2233 447 2279 hauido
468 2249 497 2290 y
515 2232 722 2278 embiado
739 2237 765 2276 a
783 2235 925 2277 Roma
942 2235 976 2287 ⁸,
997 2248 1115 2289 aunq
1125 2249 1179 2278 ue
1195 2235 1353 2277 hemos
1370 2233 1616 2278 entendido
1635 2247 1724 2289 que
1740 2233 1781 2277 61
1798 2247 1913 2290 papa

277 2314 394 2369 haya
416 2312 534 2355 dado
554 2311 597 2354 16
619 2311 752 2354 badia
773 2312 830 2355 de
851 2312 1207 2355 Grotta-ferrata
1237 2312 1279 2355 al
1307 2312 1380 2356 S.r
1408 2313 1562 2355 Marco
1590 2310 1793 2355 Antonio
1822 2311 1914 2355 Co-

278 2391 430 2433 lonna.
456 2390 528 2433 No
552 2395 692 2445 tengo
714 2387 880 2445 tiempo
902 2403 1009 2445 para
1032 2393 1127 2432 mas
1149 2389 1432 2446 allargarme.
1459 2390 1529 2432 En
1546 2390 1613 2433 las
1627 2387 1862 2433 oraciones
1883 2403 1913 2445 y

352 2506 362 2526 ¹
413 2504 472 2539 Ex
489 2503 677 2549 Regesto,
700 2501 794 2538 Cod.
813 2512 856 2548 33
871 2502 929 2547 d),
949 2501 1015 2538 fol.
1039 2511 1119 2547 104.
1139 2503 1184 2538 In
1204 2501 1391 2549 margine:
1414 2503 1461 2538 P.
1482 2501 1624 2539 Natal-

348 2565 362 2585 2
413 2562 573 2598 Scilicet
590 2561 654 2597 die
673 2570 718 2608 29
736 2561 860 2608 Junii.
884 2561 984 2597 Vide
1004 2562 1118 2609 epist.
1140 2561 1222 2598 288.

349 2623 363 2643 ³
413 2622 478 2658 Sic
496 2621 640 2667 italice,
659 2633 728 2669 pro
746 2622 792 2657 de
812 2622 853 2657 la
871 2623 976 2657 cual.

349 2682 364 2704 ⁴
413 2681 479 2727 Sic
497 2692 566 2728 pro
583 2683 698 2728 aqui.

350 2743 364 2764 ⁵
414 2741 683 2777 Ferdinandus
702 2741 889 2777 Martines
908 2742 1196 2790 Mascarenhas.

350 2803 365 2824 ⁶
414 2800 495 2848 Sic,
505 2812 573 2848 pro
588 2801 683 2837 Vaz.
700 2801 761 2837 De
775 2802 848 2837 hoc
865 2802 1025 2849 egregio
1040 2802 1140 2849 viro,
1156 2807 1309 2853 praeter
1324 2814 1384 2849 ea,
1400 2814 1500 2850 quae
1515 2801 1554 2837 in
1567 2801 1628 2837 his
1642 2799 1819 2848 epistolis
1834 2812 1918 2848 pas-

280 2861 353 2897 sim
376 2860 637 2909 reperiuntur,
661 2860 713 2897 cf.
739 2861 958 2909 POLANCO,
981 2862 1150 2907 Chron.;
1177 2863 1349 2899 Litteras
1372 2862 1709 2910 quadrimestres;
1726 2863 1763 2897 et
1787 2861 1916 2908 Epist.

282 2921 405 2957 Mixt.

353 2984 366 3004 ⁷
418 2981 595 3018 Andreas
614 2981 819 3018 Carvalho.
840 2983 900 3017 De
918 2994 964 3018 60
983 2983 1130 3019 dictum
1149 2989 1210 3019 est
1229 2983 1268 3019 in
1286 2988 1315 3019 t.
1336 2984 1368 3030 Ι,
1383 2982 1469 3029 689,
1487 2982 1574 3029 690,
1591 2982 1676 3029 697,
1693 2986 1733 3017 et
1750 2988 1839 3026 702.

354 3042 368 3062 ⁸
418 3041 590 3077 Litterae
619 3040 959 3078 commendatitiae
990 3054 1059 3090 pro
1092 3043 1290 3081 dotatione
1320 3041 1478 3089 collegii
1507 3040 1655 3078 romani
1686 3040 1898 3078 obtinenda

284 3100 384 3137 Vide
404 3101 518 3148 epist.
539 3101 622 3147 288,
637 3114 675 3138 n.
694 3111 730 3148 9.
