2196 3522
0 0 633 102 fffstfflffifflfflpvffssvfflat-Ywssfi
647 0 692 34 όΓ-,ν
701 0 705 4 “
714 0 766 31 30:55
780 11 784 13 ,
803 0 820 18 Γ
832 0 857 28 (3.
901 18 903 20 η
950 0 962 11 ·.
982 3 994 18 4
1028 2 1033 23 J
1047 0 1054 3 '
1086 0 1122 34 §.³
1143 0 1178 19 ›⁷³⁷-
1192 0 1194 3 '
1207 0 1219 18 ⁷,-
1232 0 1270 13 :v-
1308 3 1325 26 ἦ
1377 28 1380 31 .
1392 15 1394 17 ,
1404 3 1410 6 -
1422 0 1426 9 ¹
1446 0 1469 13 '‘.
1490 0 1497 2 ·
1517 9 1522 11 -
1568 9 1570 13 .

98 41 101 44 .
138 34 155 39 ‘¹
170 40 173 42 -
198 38 202 41 -
282 35 284 38 ’
351 39 353 42 ⁴
396 35 418 45 “,
525 35 534 45 ·.
595 40 598 41 r
634 38 639 41 —
652 35 660 42 ¹
675 34 679 36 “
979 33 982 36 ’
1187 35 1189 37 ’

179 63 182 66 .
548 57 555 64 ·

0 2244 8 2270 ν·
0 1764 18 2225 πι’··,Ἲ1ι·ΜΠ“”Ρῑ“ᾸΟΨΓ““-,ΨΨ““
0 1632 13 1754 ’”Ψ““Ἠτ”
0 1581 11 1622 ζ’*
0 1523 11 1574 «ἵν’
0 1438 12 1494 ww·
0 1318 11 1427 V'·''¹'V*
0 1303 2 1306 ·
0 1265 9 1287 ὐ
7 1251 10 1253 »
0 1220 5 1222 ’
0 1174 12 1205 *1⁵

942 259 1162 303 Appssnnu'r
1791 267 1860 303 661

232 383 321 414 me.
342 369 583 412 Caeterum
601 382 656 412 111
675 368 886 412 calendas
896 367 1097 426 Januarij
1116 367 1242 412 venit
1259 368 1316 412 ad
1328 383 1400 412 me
1416 367 1637 425 magister
1650 358 1816 412 Petms
1836 370 1867 422 ¹,

231 442 322 472 vno
344 434 521 471 tantum
550 427 674 471 socio
703 427 966 481 comitatus,
997 434 1044 470 et
1071 441 1126 472 eo
1152 426 1290 482 laico,
1319 442 1402 483 pro
1431 441 1522 483 quo
1549 441 1645 471 non
1672 427 1871 472 minores

166 496 176 503 '
232 502 320 544 ago
343 486 512 544 gratias
533 488 587 530 R.
616 489 668 530 P.
695 488 773 540 V.,
798 501 934 543 quam
956 501 1036 543 pro
1058 486 1270 530 omnibus
1296 486 1411 542 alijs.
1436 488 1570 539 Nam,
1596 486 1682 530 nisi
1714 487 1869 531 venis-

232 553 301 590 set
322 546 377 599 is,
402 547 677 602 permultum
699 547 756 590 de
777 552 957 590 vestrae
984 545 1225 590 Societatis
1253 545 1586 590 existimatione
1613 546 1868 590 detractum

232 605 406 649 fuisset.
433 606 609 650 Omnes
629 605 750 648 enim
771 619 895 648 nunc
917 612 1043 648 tanto
1066 605 1212 661 magis
1233 604 1445 661 propensi
1466 612 1574 648 sunt
1596 606 1654 648 ad
1675 605 1862 649 audien—

229 665 340 708 dum
361 664 446 708 Dei
468 666 674 717 verbum,
700 671 871 720 quanto
893 664 1039 721 magis
1056 665 1300 707 abhorrent
1315 679 1341 707 a
1360 664 1582 707 faciendo.
1607 664 1810 708 Primum
1827 665 1866 708 is

232 726 598 780 Braunspergam
627 730 880 768 accesserat
913 723 1054 779 pridie
1081 722 1243 767 natalis
1271 722 1464 776 Christi,
1489 723 1566 766 vbi
1587 723 1868 779 praedicauit

230 783 366 827 etiam
389 783 436 825 in
452 783 526 827 die
542 783 686 826 sancti
704 782 939 839 Stephani,
961 782 1139 838 fuitque
1155 782 1324 838 populo
1341 783 1474 825 valde
1491 789 1666 838 gratus,
1686 783 1866 826 etiamsi

230 857 322 885 non
344 842 511 896 omnia,
536 857 653 898 quae
674 842 859 908 diceret,
885 841 993 886 satis
1015 840 1392 898 intelligerentur.
1426 842 1519 886 Sed
1547 841 1763 898 paulatim
1793 857 1866 885 as-

230 909 411 945 suescet
432 901 495 943 illi
518 902 727 957 populus,
751 899 849 957 ipse
869 915 1052 956 quoque
1072 900 1277 957 linguam
1299 902 1418 943 hanc
1439 900 1599 945 melius
1621 901 1863 957 perdiscet.

230 961 348 1004 Cum
372 961 556 1005 fuissem
579 960 742 1004 certior
764 961 911 1004 factus
932 960 989 1003 de
1017 961 1220 1004 aduentu
1241 959 1382 1013 illius,
1414 973 1563 1015 neque
1593 967 1744 1004 tamen
1766 961 1867 1027 quis

228 1026 349 1064 esset
371 1019 481 1062 mihi
503 1019 740 1075 quisquam
762 1019 1031 1075 scripsisset,
1058 1019 1271 1062 admonui
1290 1019 1516 1085 quendam
1538 1033 1594 1062 ex
1616 1019 1862 1072 canonicis,

230 1079 307 1135 qui
336 1093 459 1122 nunc
487 1081 832 1146 Braunspergae
859 1078 1010 1135 degit,
1040 1085 1090 1121 vt
1117 1093 1222 1123 eum
1251 1077 1312 1121 ibi
1341 1078 1557 1122 retineret
1585 1078 1861 1134 aliquandiu.

230 1139 475 1182 Caeterum
497 1152 587 1193 quo
608 1138 682 1182 die
702 1137 919 1194 scriptum
942 1137 987 1180 id
1009 1152 1035 1180 a
1051 1151 1123 1180 me
1146 1137 1247 1189 fuit,
1267 1136 1478 1180 nimirum
1502 1137 1601 1194 ipso
1622 1137 1696 1180 die
1718 1138 1865 1181 sancti

222 1197 427 1254 Joannis,
452 1196 659 1240 discessit
680 1197 754 1240 ille
778 1199 1098 1253 Braunsperga
1119 1203 1165 1241 et
1186 1197 1243 1240 ad
1265 1210 1337 1239 me
1360 1197 1612 1252 fratresque
1635 1211 1759 1250 suos,
1786 1197 1864 1253 qui

230 1270 410 1300 mecum
432 1256 505 1299 hic
527 1263 678 1309 erant,
708 1256 855 1308 venit,
886 1257 1162 1311 hortatuque
1190 1270 1291 1299 meo
1323 1255 1589 1300 concionem
1618 1255 1777 1299 habuit
1808 1257 1866 1299 ad

228 1316 445 1371 populum
482 1315 580 1372 ipso
607 1315 682 1360 die
709 1315 1064 1358 circumcisionis
1093 1315 1299 1366 Domini,
1331 1329 1466 1370 quam
1496 1324 1541 1359 et
1573 1329 1661 1371 ego
1690 1315 1861 1359 audiui:

229 1375 362 1418 valde
383 1373 493 1417 mihi
515 1375 747 1431 probatur,
768 1374 853 1418 etsi
870 1389 954 1418 nec
971 1389 1060 1432 ego
1076 1374 1185 1418 satis
1203 1375 1352 1417 adhuc
1370 1374 1679 1430 intelligebam
1698 1374 1861 1418 omnia.

230 1434 346 1477 Nam
369 1433 454 1476 alia
476 1434 669 1490 quadam
696 1433 837 1477 vtitur
864 1434 1072 1486 dialecto,
1098 1448 1190 1477 non
1213 1441 1364 1477 tamen
1393 1434 1455 1476 ita
1477 1435 1670 1476 multum
1703 1435 1759 1476 ab
1781 1436 1865 1477 hac

228 1500 382 1535 nostra
404 1492 642 1536 differenti.
669 1493 810 1550 Coepi
833 1500 990 1550 postea
1012 1493 1274 1536 familiarius
1296 1492 1372 1535 illo
1388 1493 1469 1545 vti,
1491 1500 1535 1537 et
1552 1493 1696 1548 reperi
1719 1493 1865 1536 virum

228 1565 329 1596 esse
350 1553 467 1595 bene
488 1553 688 1605 doctum,
714 1553 999 1608 prudentem,
1024 1566 1174 1608 neque
1197 1553 1388 1609 uulgare
1410 1551 1569 1595 iuditio
1589 1552 1862 1608 praeditum.

228 1611 341 1655 Sum
378 1611 498 1654 illius
533 1611 863 1655 consuetudine
901 1613 1036 1656 ualde
1062 1612 1330 1655 delectatus.
1364 1611 1456 1656 Sed
1484 1611 1544 1663 is,
1577 1625 1682 1654 cum
1710 1611 1769 1654 sit
1797 1611 1867 1653 v-ir

228 1684 396 1726 magno
417 1670 612 1725 quodam
635 1671 748 1723 zelo,
772 1685 863 1714 non
885 1671 1032 1727 potuit
1052 1670 1216 1714 adduci
1239 1685 1416 1713 mecum
1434 1677 1484 1713 vt
1505 1677 1865 1714 commoraretur

228 1728 415 1781 diutius,
456 1729 566 1784 quin
603 1737 648 1774 et
685 1744 842 1774 omnes
878 1730 989 1773 alios
1027 1731 1187 1775 fratres
1214 1744 1322 1773 suos
1348 1729 1454 1772 hinc
1483 1729 1673 1786 expulit,
1713 1737 1774 1782 et,
1807 1731 1864 1772 ad

229 1790 631 1845 Braunspergense
665 1789 988 1833 monasterium
1023 1796 1072 1832 vt
1107 1789 1501 1846 proficiscerentur
1519 1822 1528 1841 ,
1569 1790 1863 1833 vehementer

225 1846 353 1890 vrsit.
386 1849 508 1903 Ego,
539 1861 643 1891 cum
670 1848 831 1892 scirem
859 1863 950 1892 non
978 1863 1163 1905 prorsus
1195 1849 1344 1891 adhuc
1375 1847 1438 1891 ibi
1467 1855 1640 1904 pestem
1672 1847 1863 1904 sopitam

227 1906 382 1958 fuisse,
408 1914 598 1949 conatus
620 1921 720 1950 sum
742 1922 820 1951 eos
841 1907 1036 1952 retinere
1057 1923 1138 1964 per
1159 1907 1256 1952 dies
1285 1907 1490 1962 aliquod,
1522 1921 1626 1950 cum
1656 1921 1863 1963 praeser—

225 1964 304 2007 tim
326 1966 528 2008 nondum
549 1966 698 2010 omnia
719 1967 828 2010 satis
849 1967 1068 2010 instructa
1091 1974 1244 2011 essent
1273 1966 1320 2009 in
1342 1966 1418 2009 illo
1448 1966 1739 2010 monasterio.
1767 1967 1861 2010 Ve-

224 2039 324 2067 rum
346 2024 419 2067 ille
441 2025 584 2068 teneri
606 2026 730 2069 nulla
751 2025 924 2070 ratione
946 2026 1100 2082 potuit.
1128 2026 1253 2070 Dixit
1274 2040 1323 2070 se
1346 2025 1513 2068 uidisse
1535 2025 1767 2070 cellarium
1787 2024 1859 2068 in-

222 2090 447 2126 structum
469 2084 677 2139 ceruisia,
701 2084 930 2141 lignorum
953 2100 1133 2142 quoque
1155 2085 1246 2127 vim
1274 2086 1535 2137 adductam,
1560 2092 1740 2129 caetera
1772 2084 1859 2126 rni-

223 2156 334 2185 nore
356 2142 543 2199 negotio
566 2143 711 2199 par'ari
734 2158 883 2200 posse,
903 2159 988 2189 nec
1005 2159 1106 2188 esse
1126 2159 1209 2187 cur
1225 2144 1298 2187 hic
1317 2144 1425 2187 uelit
1442 2143 1647 2187 cunctari
1666 2143 1855 2197 diutius,

223 2215 308 2245 nec
331 2202 472 2244 ullum
495 2217 594 2246 esse
617 2202 864 2258 periculum
886 2218 913 2246 a
934 2211 1075 2260 peste.
1099 2204 1216 2248 Cum
1234 2203 1295 2246 ita
1317 2203 1518 2247 uiderem
1536 2202 1766 2246 hominem
1784 2218 1859 2245 vr-

223 2274 348 2316 gere,
374 2260 498 2303 nolui
519 2261 714 2306 retinere
734 2262 920 2305 diutius.
946 2264 1118 2318 Itaque,
1143 2263 1266 2318 quod
1290 2262 1440 2328 foelix,
1465 2263 1666 2305 faustum
1695 2268 1742 2304 et
1766 2261 1858 2304 for-

223 2326 432 2363 tunatum
454 2322 580 2364 Deus
602 2335 702 2365 esse
723 2321 849 2374 uelit,
876 2335 923 2365 VI
946 2336 1089 2366 nonas
1118 2322 1253 2364 huius
1276 2321 1445 2364 mensis
1466 2336 1554 2363 vna
1588 2335 1691 2364 cum
1724 2334 1858 2363 oeco-

223 2392 358 2421 nomo
395 2393 495 2422 meo
523 2379 713 2434 profecti
739 2391 847 2423 sunt
875 2382 1257 2448 Braunspergarn.
1290 2382 1505 2424 Vestrum
1535 2379 1620 2424 erit
1648 2379 1859 2435 precibus

223 2439 372 2481 Deum
397 2437 604 2493 fatigare,
630 2453 722 2494 quo
745 2453 873 2483 suam
895 2439 982 2483 illis
1005 2439 1198 2496 gratiam
1215 2439 1459 2495 impartiat,
1479 2446 1529 2481 vt
1547 2439 1739 2480 multum
1762 2438 1858 2480 fru—

222 2503 347 2539 ctum
369 2498 529 2539 afferre
552 2504 734 2552 queant.
761 2499 863 2555 Ego
886 2513 1066 2554 pueros,
1101 2513 1215 2554 quos
1242 2499 1316 2542 hic
1343 2513 1521 2542 mecum
1550 2496 1712 2549 habui,
1743 2511 1861 2540 non·-

223 2555 331 2598 dum
354 2555 470 2609 misi,
496 2570 646 2611 neque
668 2557 838 2600 mittam
864 2557 1067 2601 fortassis
1094 2565 1199 2602 ante
1221 2557 1632 2614 quadragesimam3
1658 2570 1792 2612 quarn
1812 2563 1861 2598 vt

223 2615 395 2669 absque
417 2615 561 2658 turbis
588 2615 813 2670 'aliquibus
842 2616 1115 2673 transigere,
1146 2618 1409 2672 laetumque
1436 2617 1603 2672 pascha
1631 2615 1859 2659 celebrare

223 2673 371 2726 detur,
403 2674 565 2717 vestris
594 2675 803 2729 precibus
838 2675 1044 2718 adiuuari
1071 2682 1191 2731 peto.
1225 2676 1444 2732 Magister
1472 2675 1654 2730 quidem
1695 2675 1860 2717 Petrus

222 2746 315 2775 non
336 2747 477 2788 paruo
499 2732 607 2775 mihi
629 2733 808 2778 videtur
828 2733 1088 2778 adiumento
1110 2735 1306 2778 futurus.
1333 2735 1473 2790 Quod
1495 2739 1718 2790 superest,
1748 2740 1856 2788 opto

223 2792 277 2834 R
305 2793 358 2834 P.
384 2792 442 2835 V.
467 2791 545 2834 diu
567 2806 667 2837 esse
688 2793 860 2837 saluam
882 2800 928 2836 et
949 2793 1237 2846 incolumem,
1258 2808 1423 2849 meque
1440 2792 1719 2836 orationibus
1736 2791 1857 2834 illius

221 2851 504 2894 commendo.
531 2852 599 2894 Ex
620 2858 768 2895 castro
790 2866 891 2896 meo
913 2852 1173 2909 Heilsperg,
1199 2827 1273 2898 die
1302 2868 1332 2897 x
1354 2851 1575 2910 Januarij,
1612 2865 1732 2894 anno
1761 2852 1858 2894 Do-

222 2908 332 2952 mini
355 2924 398 2953 M.
426 2924 471 2953 D.
499 2923 603 2954 va.

296 3042 303 3062 ¹
356 3040 496 3076 Petrus
515 3040 623 3076 Phae
633 3067 642 3076 .
