2196 3522
396 257 481 316 '672
514 269 516 273 ’
755 259 757 262 ⁴
1036 269 1176 304 Emsr.
1205 267 1249 302 P.
1278 267 1430 304 NADAL

411 370 631 416 ecclesiae
654 371 896 415 vniuersae
923 371 981 416 de
1017 369 1132 424 viro,
1173 375 1299 412 tanta
1334 368 1457 414 vitae
1492 369 1773 426 integritate,
1804 371 2052 427 grauitate,

411 430 653 487 prudentia
675 431 897 487 praedito,
917 429 1212 487 prospiceret,
1232 428 1364 472 cuius
1381 443 1490 472 cura
1507 436 1554 473 et
1570 428 1807 486 diligentia
1823 431 2050 486 prouideri

408 489 550 546 possit
572 490 779 546 ecclesijs
802 490 1030 542 omnibus,
1057 495 1108 532 ut
1129 503 1188 533 ne
1210 495 1396 532 careant
1422 488 1550 532 verbi
1578 488 1811 542 ministris,
1837 489 1931 545 qui,
1956 505 2048 536 non

406 549 553 606 magis
581 549 806 602 doctrina,
836 550 1003 608 [quam]
1026 548 1232 603 exemplo
1261 547 1452 592 caeteris
1480 554 1712 604 praeeant,
1744 549 1926 604 quibus,
1957 565 2058 607 quo

405 608 554 665 magis
575 611 689 652 haec
717 624 818 653 mea
846 608 1067 654 diocaesis
1104 606 1200 666 [sic]
1223 606 1429 663 indigere
1455 607 1657 662 videtur,
1682 609 1770 651 hoc
1797 607 2052 665 impensius

403 682 573 711 munus
589 670 675 712 hoc
694 670 747 713 R.
772 671 823 712 P.
842 670 895 713 V.
916 669 1116 712 delatum
1134 667 1197 709 illi
1214 667 1436 723 gratulor,
1455 666 1565 710 mihi
1588 642 1696 712 ve’ro
1714 668 1908 724 gaudeo.
1930 669 2050 713 Nam

403 727 525 771 illius
542 742 679 784 opera
698 730 903 772 futurum
920 728 1118 779 confido,
1138 733 1188 768 vt
1197 740 1283 771 nec
1299 725 1399 782 alijs
1417 723 1637 782 ecclesijs,
1652 741 1737 770 nec
1755 741 1883 772 meae
1899 728 2053 773 desint

404 787 562 830 fideles
593 787 804 844 operarij,
835 787 931 855 qui·
942 785 1182 831 laborent
1171 800 1217 828 1n
1245 784 1379 830 vinea
1406 785 1606 839 Domini,
1638 786 1808 842 quique
1836 787 2053 844 frangant

404 861 567 903 panem
587 847 871 902 paruulis,.et
893 846 958 890 eis
979 845 1213 890 doctrinae
1235 844 1446 888 salutaris
1467 845 1619 889 cibum
1638 845 1912 902 impartiant,
1934 861 2048 902 quo-

404 921 505 949 rum
530 907 652 962 apud
674 921 758 950 nos
780 907 944 963 ingens
968 913 1037 951 est
1060 904 1264 962 penuria,
1285 905 1465 960 qualem
1483 905 1520 948 si
1537 920 1677 948 vnum
1696 904 1890 961 aliquem
1906 907 2052 952 habe·-

405 980 517 1017 rem,
544 965 728 1010 minime
750 966 888 1010 dubia
910 981 991 1022 spe
1020 966 1184 1016 forem,
1216 971 1455 1008 reuocatos
1483 964 1538 1008 iri
1567 965 1733 1008 multos
1755 965 1813 1008 ad
1844 979 2049 1023 euange—

404 1024 515 1068 lium
546 1024 733 1078 Christi,
765 1026 841 1082 qui
871 1032 978 1068 sunt
1015 1025 1061 1068 in
1099 1023 1239 1077 aliud,
1271 1023 1389 1067 sicut
1425 1023 1511 1080 ipsi
1546 1024 1720 1077 dicunt,
1746 1025 2055 1081 Euangelium,

406 1084 626 1128 translati.
2000 1133 2007 1140 ⁶

496 1144 588 1189 Sed
612 1143 826 1187 omnibus
854 1144 912 1188 de
949 1143 1102 1195 rebus,
1134 1143 1192 1186 ad
1230 1143 1609 1200 Brunsbergense
1637 1142 1879 1200 collegium
1907 1144 2047 1200 perti-

410 1203 644 1256 nentibus,
671 1203 855 1247 vberius
878 1203 1122 1246 informare
1144 1201 1309 1258 poterit
1332 1203 1386 1246 R.
1413 1203 1471 1246 D.
1486 1203 1554 1246 ·V.
1582 1203 1740 1245 111,mus
1769 1209 1815 1247 et
1832 1204 1943 1247 Rev.
1965 1204 2052 1247 do·

410 1262 564 1306 minus
585 1277 715 1306 meus
732 1265 933 1320 Joannes
955 1261 1226 1306 Franciscus
1249 1262 1635 1314 Commendonus,
1661 1261 1739 1317 qui
1761 1276 1928 1319 magna
1945 1277 2052 1306 cum

410 1322 546 1366 laude
570 1322 641 1365 sui
664 1322 860 1365 nominis
881 1323 1083 1378 legatum
1107 1322 1229 1378 apud
1250 1335 1334 1365 nos
1350 1321 1445 1378 egit
1462 1320 1776 1377 apostolicum,
1795 1321 1928 1366 cuius
1943 1336 2050 1366 cum

411 1381 557 1424 oculis
580 1381 730 1425 omnia
747 1382 951 1425 subiecta
976 1380 1160 1432 fuerint,
1186 1379 1352 1436 quibus
1375 1381 1510 1424 rebus
1531 1395 1646 1436 opus
1662 1382 1853 1425 habeam
1873 1382 1930 1424 ad
1952 1382 2051 1425 fru-

409 1447 534 1483 ctum
558 1440 856 1497 copiosiorem
880 1414 1270 1509 consequendum,
1294 1441 1349 1483 R.
1375 1441 1433 1484 D.
1461 1441 1538 1492 V.,
1565 1439 1700 1483 simul
1723 1447 1770 1483 vt
1797 1440 1947 1484 isthuc
1968 1457 2048 1485 ve—

410 1500 544 1552 nerit,
571 1515 756 1545 narrare
773 1500 952 1557 poterit.
975 1502 1153 1544 Interea
1169 1514 1242 1544 me
1259 1506 1491 1555 totamque
1507 1499 1750 1543 diocaesim
1769 1499 1863 1558 [sic]
1881 1515 2050 1554 meam,

410 1559 521 1614 quin
545 1567 590 1602 et
613 1574 805 1616 regnum
832 1559 1113 1611 vniuersum,
1140 1559 1261 1615 quod
1282 1574 1451 1616 magno
1472 1566 1681 1604 versatur
1701 1559 1745 1601 in
1769 1559 2051 1614 discrimine„

407 1619 577 1662 sanctis
601 1627 786 1663 sanctae
809 1618 1051 1664 Societatis
1079 1617 1317 1675 praecibus
1347 1618 1441 1677 [sic]
1471 1626 1517 1663 et
1545 1617 1777 1674 sacrificijs
1805 1618 2052 1676 diligenter

406 1680 695 1722 commendo.
728 1681 896 1722 Datum
915 1694 972 1723 ex
988 1685 1136 1722 castro
1154 1684 1311 1721 nostro
1330 1678 1591 1735 Heilsberg,
1613 1677 1761 1723 die—¹
1782 1679 2052 1723 Decembris

407 1738 465 1781 A.
493 1739 555 1782 D.
590 1752 638 1782 M.
668 1754 714 1782 D.
742 1752 850 1782 va.
878 1739 1037 1782 Frater
1058 1737 1104 1780 in
1128 1737 1330 1790 Christo,

791 1797 1444 1855 [STANISLAUS,CARD1NALIS
1478 1796 1802 1855 VARMIENSIS].

496 1856 743 1913 Inscriptio
771 1858 822 1900 in
852 1861 1019 1913 quarta
1040 1857 1239 1912 pagina:
1268 1858 1398 1900 Rmo.
1429 1857 1627 1910 domino,
1658 1855 1900 1900 Francisco
1929 1858 2046 1900 Bor-

406 1915 498 1972 gia,
519 1916 720 1972 generali
739 1916 996 1973 praeposito
1013 1915 1256 1961 Societatis
1266 1918 1394 1974 Jesu,
1414 1923 1503 1960 etc.
1524 1915 1680 1959 fratri
1670 1931 1716 1959 1n
1734 1914 1917 1960 Christo
1933 1917 2045 1960 cha-

405 1974 583 2018 rissimo
601 1983 647 2020 et
664 1976 943 2020 honorando.
971 1976 1079 2019 Alia
1101 1990 1260 2018 manu:
1277 1976 1332 2019 C.
1359 1977 1485 2031 1565.
1508 1975 1769 2032 Heilsberg.
1790 1976 1894 2019 Car.
1901 1975 1912 2011 l
1938 1990 2044 2019 var—

404 2033 683 2079 miense———di
707 2051 752 2079 x.
759 2036 829 2071 bre
851 2036 1010 2093 Sigillz'
1037 2036 1299 2092 vestigium.

1175 2209 1276 2252 LVI

856 2309 1298 2346 STANISLAUS
1337 2309 1592 2347 HOSIUS

997 2392 1204 2428 cardinalis
1218 2393 1450 2429 varmiensis

734 2491 935 2520 PATRI
986 2490 1235 2530 JOANNI
1284 2491 1361 2521 DE
1409 2491 1714 2523 POLANCO

799 2571 1126 2628 Heilsbergae,
1166 2573 1422 2617 Decembre
1464 2574 1572 2629 1565
1612 2575 1645 2618 ².

457 2667 575 2702 Dolet
592 2667 845 2702 calamitates
866 2667 1080 2702 Poloniae:
1099 2668 1307 2714 operarios
1323 2679 1343 2703 e
1363 2668 1555 2704 Societate
1572 2670 1673 2705 illuc
1689 2671 1800 2707 mitti
1816 2675 1988 2719 exoptat.

495 2751 607 2794 Rde.
637 2752 773 2794 Pater
801 2750 846 2792 in
876 2750 1074 2803 Christo,
1107 2750 1239 2794 nobis
1271 2751 1532 2796 charissime
1553 2759 1599 2795 et
1625 2754 1907 2799 honorande.
1944 2756 2042 2800 Lit-

407 2817 531 2854 terae
548 2809 880 2853 Dominationis
891 2811 1084 2854 Vestrae
1101 2811 1294 2853 multum
1311 2818 1575 2866 expectatae
1593 2813 1735 2866 fuere,
1750 2813 1858 2857 mihi
1876 2816 2041 2867 gratis-

406 2868 562 2923 simae;
583 2869 677 2924 jam
699 2868 818 2912 enim
841 2869 1000 2913 deesse
1023 2869 1111 2914 mei
1140 2869 1401 2913 memoriam
1424 2870 1752 2925 existimabam,
1783 2880 1829 2916 et
1857 2873 2044 2931 pigebat

478 3012 486 3029 ⁴
515 2997 517 3000 .
539 2996 796 3047 Desideratur
814 3010 912 3055 dies,
931 3023 1007 3057 qua
1024 3011 1114 3047 data
1127 3016 1191 3047 est
1206 3012 1385 3058 epistola.

476 3062 489 3081 ²
540 3059 598 3093 Ex
617 3059 844 3106 archetypo,
863 3058 902 3094 in
925 3058 1024 3094 cod.
1053 3059 1111 3106 38,
1129 3059 1275 3106 duplici
1294 3059 1378 3104 fol„
1401 3059 1468 3096 130
1485 3063 1600 3106 (207).
