2196 3522
0 0 362 115 FWWT
369 0 669 40 fffiff'ff'ssss'v'sssst‘
680 0 849 25 ’τ
922 0 930 11 ·
995 2 999 9 ·
1010 0 1022 9 ,
1031 0 1049 19 r·
1063 6 1084 21 ἰ
1099 14 1103 16 -
1181 6 1190 26 ,Δ
1207 0 1211 3 ·
1259 0 1269 11 ²
1287 0 1298 13 ’τ

57 67 59 70 ¹
86 54 103 65 >q
148 50 153 54 ”
177 58 189 73 -ι
225 59 237 74 ,ι
269 48 292 54 ””
374 68 380 71 λ
503 58 531 70 ,ιχ
595 60 598 63 .
833 43 839 50 ’

0 120 14 144 Ρ·
79 144 87 152 ,

0 151 13 172 Γ(

991 243 1214 280 ΑΡΡΕΝΒιΧ
1419 281 1423 284 ,
1844 257 1913 295 595

209 368 212 371 ¹
283 347 327 391 13
349 347 630 405 Compagnia
650 347 770 393 nella
791 361 895 391 casa
915 346 1003 391 del’
1026 346 1170 390 offitio
1192 346 1310 391 della
1329 347 1632 404 predicatura.
1664 350 1813 406 Quale
1833 364 1914 394 oc·

284 407 483 461 casione,
508 408 555 451 in
576 422 667 451 una
688 406 797 451 01113
817 406 863 450 (11
894 413 1019 450 tanta
1045 405 1351 463 importanza,
1382 407 1427 451 io
1453 422 1546 452 non
1573 407 1706 453 stimo
1731 409 1777 453 di
1799 424 1916 469 poco

285 474 531 521 momento,
555 473 726 511 attesso
748 468 833 511 che
854 465 902 510 ui
923 467 1020 509 son’
1043 481 1157 522 pure
1179 480 1343 510 ancora
1373 466 1492 511 circa
1521 479 1563 522 7,
1569 483 1658 512 ooo
1688 470 1915 526 ¹persone

287 526 564 579 catholiche,
596 528 681 571 che
708 541 798 570 non
829 526 1077 590 solamente
1103 525 1283 569 sarieno
1310 527 1540 571 consolate
1566 525 1684 573 rielle
1709 529 1909 585 predica-

286 585 398 630 tioni
430 587 504 631 del
539 560 597 630 Ρ
643 585 847 639 (33111510,
879 600 953 629 ma
980 599 1145 629 ancora
1171 585 1371 630 adiutate
1397 586 1503 630 dalli
1530 588 1771 644 compagni
1797 589 1916 634 nelle

286 645 574 699 confessioni,
596 647 671 690 nel
686 620 1072 690 administratione
1088 644 1133 688 di
1150 645 1421 690 sacramenti
1436 653 1481 690 et
1502 647 1707 704 exempio
1729 647 1774 690 di
1796 649 1916 691 bona

286 705 632 750 conuersatione
653 712 699 749 et
720 705 979 749 uisitatione
999 704 1046 747 di
1066 704 1322 761 bisognosi,
1347 711 1393 749 et
1415 706 1528 750 altre
1555 706 1627 762 pie
1653 722 1804 763 opere,
1829 708 1916 752 alle

288 765 410 821 quali
442 765 488 808 in
517 766 732 822 Augusta
761 766 786 808 0
813 763 1113 821 grandissimo
1133 778 1322 820 pampo,
1353 768 1394 807 et
1429 767 1588 808 messis
1615 781 1721 809 uere
1753 769 1913 820 multa,

281 825 489 882 operar&
508 828 657 868 autem
672 826 827 881 pauci.

372 884 421 930 Si
442 884 678 942 aggiugne
698 883 772 940 poi
794 885 880 928 che
899 883 951 933 ¹in
972 883 1187 940 Augusta
1208 883 1233 926 e
1254 882 1332 939 piu
1354 882 1399 926 di
1424 897 1485 926 un
1507 883 1714 941 migliaro
1739 885 1784 927 di
1808 901 1912 942 per-

281 958 406 997 sone,
432 946 533 997 che,
557 958 606 988 se
628 944 744 988 bene
764 945 916 987 hanno
938 949 1146 986 mancato
1166 943 1285 986 nella
1301 950 1544 987 constanza
1561 944 1798 997 catholica,
1819 960 1912 989 non

281 1018 394 1048 sono
413 1005 523 1061 pero
546 1010 672 1047 tanto
697 1002 932 1047 sommersi
959 1002 1077 1047 nelle
1107 1002 1304 1054 heresie,
1335 1003 1420 1046 che
1452 1017 1538 1046 con
1565 1004 1607 1048 le
1628 1004 1843 1060 prediche
1866 1012 1913 1049 et

281 1064 401 1110 bone
423 1077 558 1120 opere
579 1061 824 1119 sopraditte
844 1076 936 1106 non
958 1061 996 1105 si
1018 1068 1200 1119 potesse
1221 1063 1390 1119 sperar'
1413 1062 1459 1105 di
1482 1064 1660 1108 redurle
1677 1065 1717 1107 al
1741 1064 1914 1121 gremio

280 1123 396 1167 della
418 1129 548 1167 santa
569 1122 734 1167 chiesa.
1683 1173 1685 1175 ,

368 1181 647 1228 Similmente
667 1182 711 1225 13
732 1182 898 1226 deuota
914 1187 960 1226 et
975 1182 1095 1224 bona
1112 1181 1457 1226 conuersatione
1473 1182 1591 1227 della
1609 1183 1908 1240 Compagnia,

279 1256 366 1285 con
387 1243 431 1287 la
451 1256 562 1286 sana
582 1241 794 1294 dottrina,
817 1240 1024 1298 potriano
1051 1240 1098 1283 in
1127 1242 1358 1308 Augusta,
1383 1256 1474 1284 non
1496 1242 1744 1287 solamente
1766 1244 1910 1288 refre-

278 1316 388 1346 nare
408 1308 454 1346 et
475 1301 715 1358 opponersi
736 1275 823 1345 3113
845 1299 1052 1346 temerita
1066 1307 1113 1344 et
1115 1299 1305 1357 prauita
1322 1301 1536 1354 heretica,
1557 1317 1630 1345 ma
1648 1317 1812 1346 ancora
1829 1317 1908 1359 per

278 1360 425 1418 gratia
445 1361 519 1406 del
540 1361 737 1418 Signore
758 1361 962 1406 releuare
982 1360 1100 1403 dalle
1120 1359 1473 1417 profundissime
1495 1361 1615 1405 fosse
1635 1368 1682 1406 et
1704 1363 1909 1429 trappole

278 1421 418 1464 molte
438 1421 661 1489 pecorelle
681 1420 883 1478 disperse
904 1426 950 1465 et
973 1420 1237 1467 totalmente
1259 1427 1452 1474 cascate;
1477 1427 1523 1464 et
1540 1435 1622 1477 per
1637 1421 1909 1478 conseguire

278 1479 355 1524 tali
375 1480 530 1524 frutti
520 1495 565 1524 m
582 1481 795 1548 Aug-usta
812 1494 925 1524 sono
943 1486 1067 1523 tante
1084 1479 1308 1523 occasioni
1330 1487 1376 1524 et
1399 1480 1689 1532 commodita,
1715 1483 1800 1524 che
1817 1495 1908 1525 non

276 1540 314 1583 si
340 1541 558 1597 potrebbe
585 1539 701 1584 assai
728 1539 1012 1597 exprimerlo,
1043 1554 1116 1582 ma
1136 1553 1249 1583 sono
1276 1538 1425 1583 sicuro
1454 1541 1538 1584 che
1566 1541 1627 1584 V.
1669 1542 1752 1593 Ρ.,
1778 1555 1908 1585 come

275 1614 389 1656 capo
422 1599 468 1643 di
498 1606 657 1656 questa
684 1598 986 1656 Compagnia,
1026 1613 1162 1643 senza
1199 1599 1303 1642 fallo
1338 1598 1524 1644 haueria
1561 1600 1753 1656 qualche
1788 1601 1907 1644 bona

277 1674 398 1703 noua
418 1658 630 1702 d'infiniti
651 1658 759 1703 boni
781 1658 942 1704 effetti.

366 1720 468 1763 Non
492 1720 661 1763 lassaro
681 1718 727 1762 di
748 1718 849 1762 dirli
870 1732 1035 1762 ancora
1056 1719 1141 1762 che
1157 1717 1200 1761 io
1221 1718 1341 1763 uedo
1358 1732 1489 1761 come
1506 1717 1538 1761 il
1554 1717 1752 1771 Canisio,
1772 1733 1907 1762 come

277 1778 553 1836 prouinciale
574 1778 619 1822 di
641 1785 799 1834 questa
814 1785 968 1822 nostra
983 1777 1182 1831 natione,
1201 1779 1459 1823 hauerebbe
1475 1777 1763 1822 inestimabili
1780 1793 1902 1822 com-

277 1838 446 1882 modita
467 1837 513 1882 di
533 1838 746 1882 mandare
767 1845 813 1883 et
833 1837 1023 1883 riceuer'
1047 1837 1222 1889 lettere,
1253 1852 1343 1880 non
1364 1838 1612 1881 solamente
1632 1853 1712 1894 per
1734 1839 1777 1881 13
1799 1853 1904 1895 pro—

277 1897 428 1942 uincia
449 1912 547 1952 sua,
570 1913 644 1942 ma
660 1912 739 1955 per
759 1899 901 1942 Roma
922 1904 968 1942 et
989 1912 1069 1954 per
1090 1896 1192 1940 altri
1211 1871 1333 1940 100111
1354 1897 1398 1940 d’
1424 1897 1566 1951 Italia,
1596 1898 1789 1943 essendo
1818 1899 1904 1942 che

276 1957 323 2000 in
345 1959 560 2015 Augusta
581 1958 606 2001 e
626 1958 670 2001 13
690 1963 834 2014 posta,
858 1959 943 2001 che
969 1956 1175 2013 spedisce
1202 1956 1311 2012 ogni
1332 1956 1572 2002 settimana
1599 1954 1680 2013 pe'r
1707 1958 1902 2002 Germa-

276 2016 367 2070 nia,
387 2017 527 2070 Italia,
548 2017 748 2084 Spagna,
773 2018 809 2061 F
811 2017 981 2070 landra,
1007 2015 1212 2071 Francia,
1238 2016 1521 2073 Inghilterra,
1543 2016 1774 2069 Bohemia,
1804 2018 1903 2061 Vn-

276 2076 418 2134 garia,
445 2051 767 2132 Ρο101113,010.

365 2137 415 2180 In
432 2136 577 2181 oltre
565 2151 608 2179 10
631 2135 860 2188 antiuedo,
886 2136 1066 2192 quando
1086 2135 1130 2178 13
1151 2134 1434 2192 Compagnia
1456 2139 1661 2202 ponesse
1663 2134 1693 2177 il
1709 2134 1867 2191 piede
1856 2150 1902 2177 m

277 2210 368 2240 una
389 2195 537 2241 simile
558 2195 693 2249 01113,
724 2209 852 2239 come
878 2196 1114 2252 Augusta,
1146 2195 1231 2239 che
1260 2194 1306 2237 di
1334 2201 1495 2250 questo
1522 2194 1740 2251 principio
1762 2195 1902 2238 lassa-

274 2256 414 2301 rebbe
433 2255 688 2300 indubitata
708 2254 943 2298 occasione
964 2254 1020 2298 ad
1042 2253 1205 2297 infiniti
1227 2246 1366 2297 ricchi
1386 2253 1616 2307 catholici,
1648 2253 1767 2310 quali
1791 2268 1902 2297 sono

275 2315 551 2371 prontissimi
571 2315 618 2358 in
640 2315 894 2371 promouer’
918 2314 960 2357 10
981 2327 1087 2358 00εο
1107 2314 1225 2357 (10113
1253 2313 1494 2370 religione,
1529 2327 1617 2356 con
1641 2314 1813 2356 fondar'
1839 2328 1902 2355 un

274 2375 469 2432 collegio
490 2376 579 2420 ben
601 2373 800 2418 stabilito
826 2380 872 2419 et
899 2374 1211 2425 accomodato,
1243 2387 1334 2416 non
1361 2374 1610 2418 solamente
1637 2387 1716 2428 per
1738 2379 1901 2417 matte-

273 2449 382 2479 nere
409 2435 452 2478 la
478 2434 591 2479 (11113
618 2432 924 2501 Compagnia,
955 2447 1029 2476 ma
1063 2447 1229 2476 ancora
1265 2439 1343 2489 per'
1378 2433 1575 2477 alleuare
1611 2439 1657 2475 et
1687 2431 1900 2476 instruite

273 2493 427 2551 figlioli
447 2493 493 2537 di
514 2493 653 2538 nobili
675 2492 841 2550 patritii
863 2499 908 2537 et
930 2491 1030 2536 altri
1044 2491 1271 2559 ‘cittadini.

362 2554 420 2597 Et
441 2568 521 2610 per
541 2555 680 2599 esser’
705 2554 920 2609 Augusta
939 2552 984 2595 la
1010 2550 1088 2608 piu
1117 2552 1289 2595 famosa
1315 2550 1425 2594 01113
1451 2550 1496 2594 (11
1526 2521 1678 2593 nostra
1700 2549 1897 2601 natione,

274 2613 493 2679 potrebbe
521 2627 686 2657 ancora
714 2627 800 2656 con
821 2612 863 2655 13
885 2610 1032 2668 gratia
1058 2610 1104 2654 di
1130 2611 1220 2655 Dio
1249 2618 1409 2667 questo
1437 2611 1556 2653 bono
1585 2608 1791 2664 exempio
1820 2623 1900 2653 ex-

273 2671 412 2716 citare
439 2674 631 2729 qualche
658 2673 772 2716 altro
804 2670 1026 2728 principe,
1058 2670 1287 2727 republica
1317 2684 1345 2713 o
1379 2677 1496 2714 terra
1525 2670 1678 2712 franca
1708 2667 1752 2711 di
1780 2668 1899 2712 Ger-

273 2731 440 2775 mania.

352 2791 702 2859 Aggiungnaro
724 2804 889 2834 ancora
911 2803 1087 2833 comme
1109 2788 1140 2832 il
1162 2791 1219 2833 P.
1258 2788 1440 2833 Canisio
1469 2803 1554 2832 con
1580 2787 1623 2829 la
1645 2801 1727 2830 sua
1747 2774 1899 2842 predi-

275 2849 452 2895 catione
474 2857 520 2896 et
542 2850 706 2895 adiuto
718 2850 823 2895 delli
851 2849 950 2894 suoi
978 2848 1219 2908 compagni
1246 2849 1290 2893 d’
1323 2848 1582 2907 Inghilstat,
1614 2847 1687 2891 nel
1711 2845 1835 2891 udire
1855 2846 1898 2891 le

348 3028 356 3048 ¹
408 3024 497 3075 Ms.,
540 3014 581 3083 ἕξ
