2196 3522
289 223 359 261 316
849 221 991 257 Emsr.
1025 220 1074 256 P.
1106 219 1379 257 NADAL-288

289 331 496 382 presente
522 325 550 375 ¹,
582 330 628 366 et
656 321 763 366 tutti
790 321 832 365 ci
859 321 1000 366 siamo
1027 322 1258 379 rallegrati
1286 323 1388 377 che,
1419 323 1491 366 col
1519 322 1644 366 aiuto
1675 323 1747 367 del
1776 323 1933 367 dottor

290 401 507 446 Mathiolo
530 401 563 453 ²,
588 399 626 443 si
647 398 714 443 sia
734 398 906 442 aiutato
928 399 1047 442 nella
1067 398 1228 443 sanita.
1255 400 1313 442 Et
1342 399 1502 456 poiche
1530 414 1580 443 se
1609 399 1768 445 risolse
1796 401 1942 445 d'an-“

288 480 368 522 dar
389 494 415 522 a
438 478 615 522 Vienna
637 476 713 533 piu
736 483 887 533 presto
909 478 994 521 che
1017 492 1044 520 a
1066 475 1260 521 Bauaria
1282 476 1334 534 (il
1362 478 1448 522 che
1474 478 1500 521 ὲ
1522 483 1640 521 stato
1661 479 1802 521 molto
1830 493 1927 523 me-

287 556 396 613 glio,
427 553 685 611 partendosi
713 553 1017 610 l’imperatore
1045 554 1102 598 de
1131 553 1363 610 Hispruch
1389 569 1470 610 per
1491 554 1631 598 andar
1652 554 1698 597 in
1721 555 1931 613 Austria)

289 639 448 690 questa
471 646 519 674 se
541 630 716 674 drizara
737 645 764 673 a
793 630 987 683 Vienna,
1012 630 1068 674 de
1090 631 1209 675 doue
1230 645 1324 674 non
1345 630 1587 674 habbiamo
1615 630 1736 675 uisto
1764 633 1929 678 lettere-

287 708 412 752 molti
439 709 484 751 di
512 722 641 752 sono.
673 708 772 752 Che
799 707 846 751 in
876 709 1020 752 Roma
1048 707 1323 751 domandino
1351 722 1543 764 persone
1564 722 1645 765 per
1674 709 1864 766 leggere
1895 708 1933 752 il.

287 801 416 830 corso
438 786 484 838 li,
510 800 537 828 o
559 799 669 830 uero
690 785 734 827 la
755 784 998 837 rhetorica,
1023 799 1131 841 pare
1151 785 1196 828 lo
1218 785 1408 828 diranno
1430 799 1561 830 come
1593 784 1795 838 ridendo,
1821 799 1922 842 per-

287 865 371 907 che
393 862 431 906 si
453 862 738 906 domandano
761 861 875 905 tanti
896 862 952 905 de
974 863 1119 905 Roma
1136 877 1215 918 per
1233 862 1490 919 Alemagna
1506 876 1586 919 per
1602 862 1751 918 questi
1768 862 1930 917 ufficii,

287 942 372 985 che
392 941 482 983 ben
503 939 541 983 si
563 954 614 983 sa
635 940 721 984 che
742 939 817 984 del
839 939 965 983 fonte
986 938 1023 982 si
1050 939 1302 995 impiscono
1323 938 1353 982 li
1376 938 1523 992 riuoli,
1548 946 1594 984 et
1614 953 1711 996 non
1737 939 1843 984 delli
1867 939 1928 983 ri-

289 1017 382 1061 uoli
402 1017 433 1060 il
456 1018 594 1061 fonte.
622 1017 810 1073 Quanto
832 1017 874 1059 al
897 1030 1044 1068 corso,
1069 1016 1107 1059 si
1129 1016 1357 1060 inclinano
1379 1031 1405 1060 a
1426 1016 1616 1073 pigliare
1637 1015 1668 1059 il
1690 1019 1802 1061 Μ.ῐο
1830 1017 1926 1061 Ac-

288 1095 405 1139 chile
419 1095 452 1148 ³,
465 1099 764 1150 quantunque
780 1094 932 1136 hanno
946 1108 972 1136 a
987 1093 1260 1137 Maldonado
1274 1093 1306 1146 ⁴,
1322 1093 1398 1150 gia
1414 1092 1635 1150 discipulo
1645 1093 1692 1137 di
1705 1096 1816 1138 Μ.ΥΟ
1831 1095 1927 1138 To-

287 1172 390 1216 ledo
414 1173 445 1226 5;
477 1186 551 1214 ma
578 1170 743 1214 dicono
773 1184 864 1213 non
893 1185 1018 1215 esser
1047 1178 1174 1213 tanto
1202 1177 1384 1226 promto
1407 1170 1514 1215 nelli
1540 1170 1622 1215 atti
1650 1170 1819 1227 publici
1847 1186 1933 1228 per

289 1249 529 1293 dimostrar
550 1247 764 1300 dottrina,
790 1254 961 1303 quanto
985 1248 1010 1291 e
1033 1248 1280 1291 realmente
1310 1248 1444 1291 docto
1467 1254 1513 1293 et
1533 1249 1593 1292 ha
1614 1247 1760 1305 gratia
1787 1248 1834 1292 in
1855 1247 1926 1291 in-

289 1326 500 1384 segnarla
520 1325 767 1382 leggendo.
796 1326 884 1369 Per
906 1324 1093 1381 Dilinga
1120 1339 1213 1367 non
1245 1339 1551 1368 mancaranno
1572 1324 1682 1368 boni
1704 1324 1921 1382 soggetti.

379 1416 422 1447 2.
489 1404 532 1447 A
554 1403 614 1447 V.
640 1403 693 1446 R.
717 1401 755 1445 si
777 1416 889 1445 sono
912 1401 1113 1445 mandati
1135 1401 1166 1444 li
1188 1401 1387 1458 capitoli,
1412 1416 1540 1446 come
1561 1402 1592 1445 li
1613 1404 1672 1447 ha
1700 1401 1868 1459 passati
1895 1401 1932 1445 il

292 1480 495 1524 cardinal
515 1480 559 1523 d’
591 1480 823 1536 Augusta,
850 1478 974 1522 accio
995 1478 1097 1522 dica
1123 1493 1172 1523 se
1198 1478 1262 1536 gli
1290 1493 1474 1523 occorre
1500 1480 1692 1535 qualche
1718 1493 1840 1523 cosa.
1876 1478 1926 1524 Si

288 1557 488 1602 scriuera
509 1558 594 1600 che
615 1555 645 1599 il
670 1556 818 1600 Padre
844 1555 1124 1612 prouinciale
1151 1571 1179 1600 o
1206 1555 1237 1599 il
1266 1558 1319 1599 P.
1352 1557 1508 1612 Lanoy
1537 1555 1705 1600 uadino
1733 1571 1759 1600 a
1788 1557 1933 1602 ueder

289 1636 331 1679 le
354 1621 624 1678 habitationi
646 1633 703 1678 de
724 1632 910 1689 Dilinga
932 1634 965 1686 ⁶,
991 1635 1285 1688 quantunche
1306 1633 1337 1676 il
1359 1634 1484 1677 detto
1506 1633 1783 1690 prouinciale
1805 1633 1925 1678 desi—

289 1713 459 1758 deraua
480 1713 566 1755 che
587 1711 645 1755 V.
671 1711 720 1754 R.
747 1709 927 1755 uedessi
949 1710 1053 1766 quel
1074 1711 1231 1767 luogo,
1251 1717 1296 1754 et
1317 1710 1414 1756 desi
1435 1710 1593 1755 ordine
1614 1710 1739 1754 accio
1761 1710 1799 1754 si
1820 1725 1924 1767 pre-

290 1789 526 1846 parassino
540 1789 582 1832 le
599 1801 704 1831 cose
720 1787 991 1841 necessarie,
1009 1787 1134 1831 accio
1149 1787 1188 1831 si
1205 1787 1465 1832 cominciasi
1481 1787 1529 1831 in
1544 1794 1706 1844 questo
1720 1794 1933 1832 autunno-

289 1866 320 1909 il
342 1865 550 1923 collegio.
583 1863 863 1908 Desideraua
892 1865 999 1921 pero
1027 1864 1058 1907 il
1085 1865 1333 1909 medesimo
1361 1864 1637 1921 prouinciale
1666 1867 1750 1909 che
1780 1866 1930 1910 anche·

289 1943 433 2000 prima
455 1941 635 1987 uedessi
656 1941 714 1985 V.
747 1942 802 1984 R.
832 1940 863 1983 il
892 1941 1087 1998 collegio
1115 1942 1172 1986 de
1200 1941 1448 1998 Hispruch‚
1478 1956 1558 1999 per
1585 1941 1697 1987 certi
1723 1940 1926 1998 bisogni,

289 2019 394 2063 delli
415 2018 536 2075 quali
557 2019 728 2062 hauera
748 2017 812 2060 lui
832 2017 1004 2061 scritto:
1032 2018 1126 2062 fara
1147 2033 1232 2075 pur
1262 2019 1319 2062 V.
1353 2020 1406 2063 R.
1439 2032 1567 2063 come
1595 2017 1763 2075 meglio
1790 2017 1822 2060 li
1842 2032 1924 2075 pa·-

290 2110 406 2140 reta.

367 2264 378 2284 ¹
430 2262 516 2297 Hae
534 2261 688 2297 litterae
706 2260 869 2308 periisse
888 2260 1084 2297 videntur.

361 2324 374 2344 ‘²
426 2322 486 2357 De
504 2322 577 2356 hoc
596 2320 756 2367 egregio
775 2320 858 2355 viro
876 2321 972 2355 haec
990 2319 1103 2355 affert
1117 2319 1305 2366 Schmidl,
1325 2320 1398 2355 loc.
1414 2319 1497 2364 cit.,
1512 2331 1606 2367 pag.
1626 2328 1705 2366 179:
1723 2319 1930 2356 «Adversa

289 2393 378 2416 cum
408 2379 634 2416 valetudine
662 2380 734 2415 hoc
764 2390 864 2415 anno
895 2378 1019 2426 [1563]
1049 2379 1195 2426 aliquot
1225 2379 1350 2415 Sociis
1379 2379 1594 2415 conflictari
1623 2378 1803 2425 contigit,
1835 2390 1924 2415 cum

289 2441 419 2477 omnia
436 2446 548 2488 peste
572 2440 767 2485 arderent,
793 2451 1006 2486 omnesque
1032 2439 1156 2475 morbi
1181 2439 1444 2486 suspicionem
1467 2438 1655 2484 facerent3
1681 2439 1750 2474 sed
1773 2449 1926 2485 omneS,

289 2501 374 2536 Deo
392 2499 581 2546 imprimis
599 2504 757 2546 agente,
776 2498 918 2534 deinde
937 2498 1105 2534 maxima
1123 2498 1301 2545 seientia,
1320 2510 1364 2534 ac
1382 2498 1601 2534 incredibili
1615 2498 1819 2545 diligentia
1831 2497 1924 2533 ami—

289 2559 437 2595 cissimi
455 2558 625 2604 Nostris,
643 2569 688 2594 ae
706 2557 1052 2603 Excellentissimi‚
1078 2558 1100 2594 ὲ
1125 2569 1286 2594 numero
1311 2558 1598 2604 Botanicorum,
1618 2570 1688 2594 seu
1714 2557 1924 2593 Herbario-

289 2631 388 2663 rum,
408 2618 550 2654 Medici
567 2617 755 2654 Mathiozi
772 2617 925 2663 integre
943 2623 1036 2654 sunt
1050 2617 1313 2665 percurati...»

360 2678 374 2699 ³
425 2675 641 2723 Gagliardi,
659 2675 822 2723 scriptor
841 2675 1082 2722 notissimus,
1101 2676 1151 2713 de
1168 2688 1244 2724 quo
1263 2676 1353 2712 vide
1367 2676 1699 2723 SOMMERVOGEL,
1712 2676 1933 2712 Bibliothe-

290 2748 363 2783 que
380 2738 428 2772 de
449 2737 491 2771 la.
512 2735 759 2783 Compagnie
777 2737 824 2771 de
834 2735 969 2782 Jesus.

360 2798 376 2818 ⁴
426 2797 485 2831 De
504 2796 576 2831 hoc
594 2794 883 2842 sapientissimo
906 2794 989 2830 viro
1008 2794 1164 2842 saepius
1189 2806 1317 2830 sermo
1341 2795 1484 2831 redibit
1508 2795 1548 2831 in
1565 2794 1819 2842 sequentibus
1838 2793 1923 2842 epi-

290 2854 417 2891 stolis.
441 2854 507 2891 Cf.
531 2854 649 2890 etiam
667 2854 796 2899 PRAT,
818 2853 1029 2889 Maldonat
1046 2857 1083 2890 et
1101 2854 1353 2890 l'universite
1369 2855 1417 2890 de
1436 2854 1572 2890 Paris.

360 2916 374 2936 ⁵
424 2913 654 2950 Franciscus
672 2913 834 2948 Toletus
852 2912 916 2957 (de
934 2913 1098 2957 Toledo)
1116 2914 1238 2949 lector
1255 2913 1476 2960 theologiae
1503 2913 1543 2949 in
1565 2912 1730 2960 collegio
1749 2923 1928 2955 romanO,

289 2979 425 3021 postea
443 2972 649 3009 cardinalis
663 2972 704 3008 S.
724 2972 772 3010 R.
791 2973 835 3009 E.

361 3034 375 3055 ⁶
427 3032 527 3068 Vide
545 3043 675 3079 supra,
694 3042 787 3079 pag.
812 3040 897 3078 291,
917 3037 1051 3068 annot.
1080 3039 1113 3068 Ι.
