2196 3522
0 3326 23 3522 wrwv.

929 226 1150 268 Appssnmx
1779 228 1851 277 615

975 381 1038 425 XI
1075 396 1102 424 a

637 457 687 494 P.
722 456 1000 506 JOANNES
1034 381 1114 494 D(E
1147 457 1439 498 POLANCO

863 535 913 559 ex
930 522 1204 559 commissione

754 603 911 639 BEATO
944 603 1099 633 PETRO
1127 603 1321 634 CANISIO

666 665 886 719 Tridenti,
919 667 976 710 26
998 666 1203 724 Januarii
1236 667 1346 722 1563
1374 668 1404 711 ¹.

693 743 754 779 De
772 743 963 791 theologis
979 743 1371 791 ingolstadiensibus.

310 809 441 853 Nelle
463 822 569 853 cose
590 809 647 853 de
668 808 945 866 Ingolstadio
972 807 1254 864 apertenenti
1283 808 1358 852 alli
1386 810 1629 865 professori
1651 810 1696 854 di
1719 812 1850 856 theo-

221 868 360 924 logia,
384 868 415 911 il
439 870 491 912 P.
517 870 635 912 M.¹'o
657 868 791 912 Natal
814 874 1002 912 toccaua
1022 867 1053 910 li
1073 867 1204 924 punti
1225 868 1433 924 sequenti
1455 870 1540 914 che
1556 870 1802 915 douessero
1819 870 1849 914 li

221 927 365 971 nostri
386 927 645 972 obseruare:
673 926 840 980 Primo,
864 941 956 971 non
983 926 1114 971 facile
1143 926 1321 971 dicatur
1347 929 1470 983 quod
1496 929 1743 996 propositio
1765 930 1849 974 ali-

222 1001 315 1042 qua
335 986 395 1030 sit
415 986 628 1031 heretica.
654 987 818 1031 Nullus
839 985 1024 1030 omnino
1052 987 1303 1043 appelletur
1324 987 1586 1032 hereticus
1575 1003 1620 1031 1n
1643 988 1848 1045 disputa-

224 1045 362 1091 tione.
390 1047 695 1090 Moderandus
717 1052 787 1090 est
813 1045 975 1090 zelus
964 1060 1012 1090 ln
1039 1045 1419 1102 disputationibus
1441 1054 1486 1090 et
1507 1047 1606 1092 aliis
1627 1062 1849 1106 congres-

225 1105 367 1158 sibus,
399 1112 445 1150 et
473 1112 624 1150 tamen
653 1105 1014 1149 constantissime
1040 1106 1342 1150 defendantur
1369 1107 1585 1163 dogmata
1611 1108 1844 1152 ecclesiae.

226 1166 262 1208 F
266 1164 426 1222 uglant
448 1164 590 1208 nostri
611 1172 830 1221 quantum
846 1171 1060 1222 poterunt
1075 1164 1316 1210 verborum
1334 1166 1664 1220 contentiones,
1684 1174 1729 1210 et
1747 1182 1849 1211 mo-

224 1223 482 1269 destissime
503 1224 655 1267 dicant
685 1238 814 1268 suam
842 1224 1111 1269 sententiam
1134 1224 1180 1267 in
1210 1225 1658 1282 congregationibus.
1693 1227 1849 1272 Sciant

226 1283 369 1327 nostri
391 1283 532 1327 teneri
555 1297 604 1327 se
621 1283 766 1340 magis
782 1291 891 1327 uoto
906 1291 1062 1329 nostro
1074 1284 1390 1331 obedientiae
1379 1299 1424 1327 1n
1443 1285 1687 1338 Societate,
1713 1301 1848 1343 quam

224 1342 491 1396 iuramento,
516 1343 638 1400 quod
657 1350 888 1399 praestant
904 1343 951 1386 in
968 1343 1279 1396 uniuersitate,
1299 1344 1562 1400 praesertim
1580 1359 1683 1388 cum
1706 1346 1849 1389 simus

226 1401 463 1459 protestati
489 1402 598 1446 dum
626 1402 971 1448 admitterentur
997 1402 1249 1456 iuramenta
1276 1403 1552 1457 huiusmodi,
1576 1404 1638 1448 ita
1665 1419 1748 1448 nos
1775 1405 1851 1449 illa

222 1461 474 1514 admittere,
498 1462 632 1505 modo
653 1461 791 1505 nichil
810 1463 1050 1530 derogent
1048 1462 1256 1506 instituto
1272 1469 1318 1507 et
1339 1463 1742 1508 constitutionibus
1764 1479 1848 1508 no-

227 1520 348 1565 stris.
373 1520 502 1566 Licet
522 1528 672 1566 autem
694 1519 956 1578 simpliciter
976 1521 1077 1578 quis
1099 1529 1322 1575 teneatur,
1343 1529 1389 1567 et
1411 1523 1545 1567 fidem
1568 1523 1784 1580 profiteri,
1804 1531 1850 1567 et

225 1594 528 1637 propugnare,
549 1588 594 1626 et
613 1579 867 1625 iuramenta
886 1595 1084 1634 seruare,
1105 1581 1167 1624 illi
1185 1588 1352 1635 tamen,
1373 1582 1450 1638 qui
1471 1590 1579 1626 sunt
1599 1583 1685 1626 sub
1708 1597 1848 1640 regu-

226 1639 308 1683 lari
331 1639 603 1693 obedientia,
628 1641 796 1685 debent
822 1641 893 1684 sui
920 1640 1163 1698 superioris
1190 1640 1356 1685 iudicio
1378 1641 1592 1698 regulari,
1616 1649 1662 1685 et
1684 1657 1850 1687 secun-

227 1700 335 1742 dum
366 1714 522 1744 eorum
549 1699 836 1754 sententiam,
869 1699 987 1744 circa
1017 1708 1209 1757 tempus,
1239 1678 1457 1744 modumo
1453 1709 1499 1745 et
1527 1715 1726 1755 causam,
1757 1709 1845 1745 etc.

314 1759 439 1801 Idem
463 1759 705 1811 Polancus‚
727 1773 784 1802 ex
803 1761 1127 1814 commissione,
1150 1760 1292 1803 eidem
1315 1762 1369 1804 Β.
1391 1761 1578 1804 Canisio
1594 1761 1701 1804 haec
1723 1773 1749 1804 Ι
1766 1763 1850 1804 Fe-

227 1818 410 1861 bruarii
433 1820 519 1873 156
522 1830 548 1873 3
568 1819 765 1874 scripsit:
785 1819 905 1864 Dell'
928 1820 1092 1864 andata
1118 1819 1191 1864 del
1221 1821 1273 1863 P.
1300 1822 1417 1864 Μ.ῐΟ
1439 1821 1600 1865 Natale
1621 1822 1657 1863 s’
1682 1822 1852 1866 hauera

226 1892 335 1920 eura
362 1878 403 1920 al
430 1892 514 1920 suo
542 1885 706 1934 tempo,
736 1879 902 1934 perche
929 1893 1018 1934 qua
1046 1893 1126 1936 per
1149 1879 1309 1923 adesso
1336 1880 1366 1922 l'
1396 1894 1534 1936 opera
1555 1894 1638 1924 sua
1664 1880 1690 1923 e
1711 1881 1850 1924 molto

228 1936 335 1979 utile
352 1951 432 1992 per
447 1937 574 1980 molti
590 1937 728 1990 conti,
743 1944 788 1982 et
804 1952 899 1981 non
915 1940 955 1981 c'
974 1939 1000 1982 e
1017 1946 1145 1995 tropo
1163 1939 1298 1983 fretta
1314 1954 1393 1995 per
1409 1939 1451 1982 le
1468 1953 1573 1983 cose
1583 1940 1639 1982 de
1653 1938 1846 1992 Vienna,

225 1997 416 2040 essendo
438 1997 587 2052 quella
613 2003 832 2054 tempesta
853 1997 928 2054 gia
949 2005 1143 2054 passata,
1163 2012 1292 2042 come
1313 2013 1393 2054 per
1413 1999 1573 2043 lettere
1589 1999 1663 2043 del
1684 2006 1850 2044 rettore

223 2055 262 2099 si
285 2057 310 2100 e
334 2055 451 2100 uisto
472 2056 590 2113 dopo
612 2056 655 2100 la
676 2056 871 2101 arriuata
891 2058 964 2100 del
987 2059 1040 2101 P.
1066 2057 1315 2102 Vittoria...
1341 2059 1374 2101 ².

969 2171 1033 2215 XI
1138 2182 1145 2191 ·

694 2246 738 2283 P.
766 2245 1006 2293 JOANNES
1033 2171 1109 2284 Diti)
1129 2246 1380 2286 POLANCO

613 2326 754 2356 PATRI
787 2327 1159 2358 CHRISTOPHORO
1190 2328 1254 2358 DE
1286 2328 1470 2359 MADRID

769 2401 858 2425 cum
875 2389 962 2426 aliis
978 2389 1316 2427 communicanda.

701 2454 922 2510 Tridenti,
957 2469 982 2511 3
1014 2456 1164 2500 Martii
1201 2469 1218 2500 Ι
1226 2457 1311 2512 563
1344 2457 1376 2502 ³.

225 2530 394 2568 Lainius
417 2531 607 2567 Tridento
624 2531 839 2568 Mantuam
847 2533 966 2579 petit:
984 2533 1114 2570 locum
1123 2533 1275 2580 futuro
1290 2534 1497 2570 Societatis
1513 2533 1679 2580 collegio
1692 2533 1851 2581 deligit:

335 2591 572 2627 Tridentum
589 2594 758 2628 remeat:
773 2591 995 2639 infirmitas
1011 2596 1048 2629 et
1059 2594 1135 2641 pia
1151 2605 1260 2630 mors
1276 2593 1501 2630 cardinalis
1518 2592 1749 2628 mantuani.

971 2658 1103 2753 Jhils.

313 2771 455 2815 Molto
485 2771 600 2815 Rdo.
633 2771 680 2814 in
710 2771 892 2816 Christo
923 2773 1086 2818 Padre.
1119 2774 1216 2817 Pax
1243 2773 1345 2828 X.i,
1376 2779 1464 2818 etc.
1496 2772 1588 2817 Alli
1611 2786 1659 2816 XI
1689 2770 1734 2815 di
1762 2772 1850 2815 Fe-

297 2926 308 2948 ¹
359 2925 416 2961 Ex
434 2926 622 2979 Regesto,
643 2924 738 2961 Cod.
760 2936 804 2972 33
821 2925 872 2971 c),
892 2925 958 2962 fol.
982 2925 1061 2971 167
1081 2926 1181 2962 Vide
1199 2938 1328 2974 supra,
1348 2939 1436 2975 pag.
1457 2926 1538 2972 253,
1559 2931 1689 2962 annot.
1710 2925 1745 2961 3.

294 2975 308 2995 ²
358 2973 418 3008 Ex
435 2974 508 3008 loc
528 2972 611 3018 cit,
631 2972 697 3009 fol.
720 2973 799 3018 176.

295 3021 310 3043 ³
359 3021 417 3058 Ex
434 3021 660 3070 archetypo,
679 3020 718 3059 in
738 3020 834 3057 Cod.
854 3022 902 3059 P.
911 3020 1182 3072 L.B.,dup1ici
1200 3022 1370 3073 f01.1o9
1383 3021 1457 3072 (28
1476 3022 1549 3071 29).
1578 3022 1846 3069 Archetypum
