2196 3522
378 626 866 683 PROOEMIUM
934 623 1286 679 SECUNDI
1354 621 1797 678 VOLUMINIS

362 1033 574 1079 Alterum
595 1034 736 1076 hocce
752 1032 968 1075 volumen
984 1027 1296 1087 Epistolarum
1315 1029 1479 1072 Patris
1497 1030 1654 1072 Nadal
1669 1030 1905 1074 exordium

271 1111 399 1156 ducit
419 1111 478 1155 ab
493 1109 885 1166 Ephemeridibus‚
901 1121 985 1151 seu
1006 1105 1359 1160 commentariis,
1379 1106 1426 1149 in
1449 1106 1616 1162 quibus
1632 1106 1729 1163 ipse
1745 1114 1907 1150 auctor

274 1188 567 1246 epistolarum
594 1185 774 1243 propria
798 1199 938 1229 manu
964 1183 1208 1241 praecipua
1237 1190 1370 1240 gesta
1397 1183 1638 1228 universae
1667 1183 1908 1229 Societatis

274 1264 617 1323 compendiose,
648 1271 694 1309 et
725 1278 798 1309 res
819 1278 846 1306 a
876 1262 1030 1319 seipso
1057 1268 1266 1318 peractas
1292 1276 1319 1304 a
1346 1275 1431 1305 suo
1458 1261 1505 1304 in
1534 1260 1809 1306 Societatem
1837 1260 1908 1304 in-

271 1357 435 1401 gressu
458 1356 603 1399 usque
624 1342 683 1384 ad
703 1340 832 1384 initia
853 1339 1082 1384 secundae
1103 1338 1246 1395 ipsius
1273 1337 1320 1382 in
1342 1337 1635 1383 Germaniam
1657 1337 1908 1395 expeditio-

272 1419 344 1464 nis
386 1418 532 1463 fusius
575 1424 882 1475 prosequutus
919 1423 989 1461 est
1025 1416 1334 1474 (1546-1562).
1376 1416 1643 1471 Sequuntur
1680 1416 1908 1471 Epistolae

272 1497 473 1550 Nata-lis,
495 1496 563 1540 vel
584 1497 644 1539 ad
665 1497 815 1552 ipsum
838 1495 982 1547 datae,
1006 1495 1063 1537 ab
1086 1507 1205 1536 anno
1234 1493 1342 1548 1562
1366 1494 1423 1536 ad
1452 1493 1578 1548 1565.

675 1809 727 1851 P.
763 1806 1035 1851 NATALIS
1068 1804 1506 1849 EPHEMERIDES

362 1963 524 2021 Incipit
561 1977 675 2020 ergo
701 1962 1061 2020 Ephemeridum
1097 1959 1422 2017 chronologica
1457 1958 1656 2002 narratio
1694 1959 1751 2001 ab
1787 1972 1907 2001 anno

278 2043 412 2098 1546,
442 2041 522 2084 ubi
548 2039 716 2086 desinit
745 2039 1005 2083 Clzronicon
1032 2036 1285 2082 vocationis
1312 2036 1455 2093 ipsius
1482 2035 1680 2090 Natalis,
1712 2036 1834 2091 quod
1861 2034 1908 2078 in

268 2119 368 2177 ipso
403 2117 632 2164 vestibulo
667 2116 799 2174 primi
835 2114 1078 2159 voluminis
1114 2114 1400 2171 protulimus.
1442 2111 1684 2157 Clauditur
1719 2111 1907 2156 ineunte

271 2211 428 2241 mense
455 2197 673 2253 Augusto
703 2193 809 2238 anni
838 2194 965 2248 1562,
997 2207 1088 2248 quo
1117 2199 1320 2248 tempore
1347 2190 1524 2235 Natalis
1553 2205 1610 2235 ex
1638 2191 1786 2234 Fonte
1813 2190 1908 2232 leo-

270 2272 417 2318 diensi
439 2274 496 2317 ad
515 2272 834 2330 perlustranda
854 2269 1127 2315 Germaniae
1149 2267 1342 2326 collegia
1363 2268 1649 2325 properabat.

360 2349 524 2395 Merito
546 2349 688 2407 igitur
709 2362 899 2392 aureum
921 2349 1008 2391 hoc
1029 2354 1375 2390 monumentum
1392 2343 1595 2401 epistolis
1611 2343 1801 2387 secundi
1823 2357 1908 2386 vo-

272 2427 456 2472 luminis
487 2426 868 2484 praemittendum
902 2423 1137 2475 duximus,
1170 2423 1292 2479 quod
1320 2437 1376 2467 ex
1403 2436 1496 2465 una
1529 2428 1658 2478 parte
1685 2434 1907 2463 summam

274 2504 407 2549 nobis
425 2504 611 2549 exhibet
633 2502 887 2547 ordinatam
909 2515 1065 2547 earum
1094 2514 1260 2553 rerum,
1286 2513 1403 2555 quae
1431 2513 1511 2555 per
1539 2504 1687 2559 totum
1714 2495 1907 2552 primum

271 2582 485 2625 volumen
506 2581 554 2625 in
574 2579 775 2637 epistolis
797 2580 897 2623 fuse
919 2584 1155 2624 enarratae
1171 2577 1373 2628 fuerunt,
1393 2589 1450 2619 ex
1466 2575 1609 2619 altera
1624 2587 1734 2617 vero
1755 2573 1908 2628 plures

270 2659 473 2711 lacunas,
498 2672 616 2714 quae
636 2672 693 2702 ex
710 2656 1002 2714 epistolarum
1024 2653 1266 2698 amissione
1294 2657 1620 2703 remanserant,
1646 2647 1908 2693 authentica

269 2734 412 2792 ipsius
433 2734 609 2778 Natalis
629 2733 887 2778 narratione
909 2732 1123 2789 complet,
1143 2730 1419 2785 easdemque
1435 2727 1649 2785 epistolas
1666 2733 1712 2771 et
1729 2731 1905 2769 caetera

269 2810 437 2867 scripta
456 2811 530 2854 vel
550 2810 747 2854 illustrat
766 2810 842 2855 vel
862 2809 1118 2853 confirmat.

358 2887 435 2932 Nil
455 2886 596 2944 igitur
617 2886 780 2930 mirum
802 2888 884 2930 has
905 2885 1232 2942 Ephemerides
1255 2899 1281 2927 a
1312 2881 1561 2926 clarissimo
1582 2878 1798 2923 historiae
1820 2878 1903 2922 So-

272 2964 448 3009 cietatis
485 2963 703 3020 scriptore
739 2962 964 3008 Sacchino
1000 2960 1155 3018 magni
1191 2960 1451 3005 aestimatas
1479 2957 1641 3011 fuisse,
1672 2955 1906 3009 multaque

272 3042 400 3085 illum
424 3055 480 3086 ex
500 3039 626 3083 hisce
648 3038 982 3083 commentariis
1003 3045 1253 3092 mutuasse,
1279 3036 1358 3080 ubi
1378 3034 1558 3091 scripsit
1574 3035 1631 3078 de
1648 3030 1906 3075 turbinibus
