2196 3522
836 343 841 346 ⁴
868 296 890 333 5
918 288 1168 325 Novzussms
1196 287 1287 335 1563
1825 288 1896 335 437

252 391 439 435 deremo
458 388 536 432 noi
557 388 616 432 de
636 390 800 433 alcuno
822 397 997 443 nostro,
1022 405 1050 434 o
1066 404 1159 433 non
1175 405 1463 435 mancaremo
1479 390 1525 433 di
1542 391 1766 447 proueder
1781 391 1895 434 d’un

254 469 371 511 altro
405 465 663 512 sufficiente
699 473 746 510 et
782 468 936 510 buono
962 469 1048 511 che
1084 470 1187 512 sara
1223 467 1354 512 facile
1390 483 1417 512 a
1438 468 1657 521 trouarlo‚
1682 482 1811 512 come
1833 467 1895 511 mi

252 544 433 588 asicura
451 543 484 587 il
500 551 686 589 rettore.

341 637 385 679 9.
449 621 536 665 Del
567 635 794 666 consenso
815 622 887 666 del
925 621 1124 678 capitulo
1154 623 1211 666 V.
1254 622 1300 666 S.
1339 622 1478 665 Illma.
1510 621 1697 667 intende
1727 621 1895 680 meglio

203 732 207 736 .
250 714 381 742 come
412 698 451 743 si
468 700 527 742 ha
548 699 605 742 de
628 698 871 755 negociare
902 699 945 743 al
965 713 1051 742 suo
1073 706 1241 755 tempo,
1267 705 1314 743 et
1334 699 1429 742 cosi
1445 698 1558 742 nuoi
1580 699 1611 742 li
1628 699 1894 744 lasciaremo

249 783 414 832 questo
435 775 660 833 pensiero;
702 782 747 821 et
769 774 894 833 sapia
930 777 1016 820 che
1052 783 1199 819 stamo
1236 774 1344 819 tutti
1378 775 1709 819 contentissimi
1739 783 1784 820 et
1806 790 1892 820 con

252 852 533 896 buonissimo
558 852 709 896 animo
730 852 777 896 in
798 858 961 908 questo
982 852 1178 909 collegio
1199 859 1246 896 et
1273 867 1359 897 con
1390 853 1565 910 grande
1595 867 1816 910 speranza
1837 854 1894 897 de

249 930 393 974 molto
414 930 563 974 fructo
593 945 620 973 a
640 929 785 987 gloria
811 929 983 982 diuina,
1008 933 1050 972 et
1077 932 1255 973 tantum
1284 930 1405 973 abest
1426 932 1512 975 che
1542 929 1584 974 ci
1616 930 1889 987 sbigotiamo

246 1007 355 1050 dani
377 1007 516 1051 uicini
538 1006 743 1061 heretici,
768 1022 796 1050 o
817 1006 1121 1064 qualsiuoglia
1137 1007 1251 1051 altra
1266 1007 1559 1061 contrarieta,
1579 1008 1665 1051 che
1685 1022 1778 1051 non
1799 1011 1840 1051 c'
1864 1010 1889 1052 e

246 1098 356 1128 cosa
377 1086 462 1128 che
483 1084 525 1128 ci
547 1098 732 1129 acresca
758 1083 837 1140 piu
869 1083 1071 1138 l’animo,
1097 1085 1182 1128 che
1213 1084 1244 1127 il
1266 1098 1459 1141 pensare
1480 1083 1526 1127 in
1550 1083 1698 1140 questi
1720 1092 1766 1128 et
1787 1084 1889 1128 altri

246 1160 436 1218 periculi
452 1163 539 1206 che
554 1160 596 1205 ci
612 1175 808 1218 possono
825 1175 1076 1214 occorrere,
1090 1160 1410 1206 confidandoci
1426 1161 1546 1205 della
1556 1161 1734 1205 infinita
1750 1162 1890 1205 bonta

248 1245 297 1282 et
313 1237 516 1295 potentia
537 1239 595 1282 de
615 1237 705 1282 Dio
726 1239 784 1282 N.
812 1238 862 1283 S.

343 1327 411 1360 10.
477 1316 543 1360 Le
564 1314 742 1359 lettioni
769 1315 807 1358 si
835 1329 948 1360 sono
975 1315 1245 1359 cominciate
1272 1329 1362 1359 con
1389 1316 1543 1359 buona
1569 1314 1888 1370 satisfattione,

243 1406 375 1436 come
402 1394 504 1437 sara
533 1392 712 1436 auisato
750 1394 808 1437 V.
841 1393 889 1438 S.
930 1393 1092 1446 Illma.;
1127 1393 1304 1437 benche
1340 1393 1415 1437 nel
1453 1393 1587 1437 modo
1615 1393 1672 1437 de
1702 1393 1892 1450 leggere

244 1469 460 1528 adaggio,
495 1469 874 1517 accomodandosi
911 1485 938 1514 a
961 1469 1169 1514 tudeschi
1198 1477 1245 1514 et
1272 1485 1299 1514 a
1325 1484 1518 1527 persone
1545 1471 1631 1514 che
1653 1484 1745 1513 non
1778 1484 1891 1514 sono

245 1554 373 1591 tanto
394 1547 662 1600 introdotte‚
688 1548 916 1603 qualcuno
943 1547 1000 1590 de
1028 1547 1179 1590 lettori
1206 1546 1374 1591 habbia
1402 1549 1576 1591 hauuto
1604 1561 1668 1591 un
1696 1561 1812 1603 poco
1833 1546 1892 1591 de

222 1623 479 1677 *difficulta,
504 1639 585 1681 per
605 1625 648 1667 la
670 1623 1002 1669 consuetudine
1023 1623 1265 1678 contraria3
1292 1639 1366 1668 ma
1387 1638 1479 1668 non
1501 1625 1527 1668 e
1544 1632 1676 1681 tropo
1708 1623 1891 1667 difficile

246 1700 279 1744 il
299 1700 500 1746 remedio
522 1701 596 1745 del
616 1701 987 1746 condescendere
1015 1707 1062 1746 et
1084 1701 1392 1760 accomodarsi
1421 1701 1496 1746 alli
1525 1700 1735 1746 auditori.
1759 1702 1892 1745 Hab-

246 1777 396 1822 biamo
418 1779 533 1822 fatto
553 1792 721 1822 ancora
740 1777 889 1822 insino
910 1778 1073 1823 adesso
1093 1778 1204 1836 ogni
1232 1792 1342 1823 cosa
1362 1779 1438 1823 nel
1464 1778 1698 1824 essercitio
1719 1779 1777 1823 de
1803 1778 1889 1822 let-

245 1861 342 1900 tere
362 1869 448 1898 con
471 1854 703 1912 conseglio
725 1855 799 1898 del
815 1862 1003 1909 rettore,
1022 1855 1297 1913 seguitando
1313 1856 1464 1912 quello
1483 1855 1618 1899 modo
1642 1854 1729 1900 che
1747 1854 1892 1912 prima

248 1931 287 1976 si
309 1939 490 1985 teneua,
515 1947 653 1976 senza
674 1931 789 1975 altro
811 1931 1032 1978 innouare
1052 1935 1080 1976 ¹.
1108 1934 1179 1986 Et,
1205 1934 1372 1990 perche
1394 1932 1456 1976 mi
1471 1935 1532 1977 ho
1554 1933 1696 1976 molto
1721 1939 1888 1985 esteso,

248 2009 345 2053 faro
380 2009 472 2054 fine
509 2009 967 2054 raccomandandomi
1003 2009 1300 2055 humilmente
1336 2024 1424 2054 con
1462 2016 1583 2054 tutto
1615 2016 1778 2066 questo
1806 2023 1891 2053 suo

244 2086 442 2144 collegio
473 2102 500 2131 a
522 2088 580 2131 V.
607 2087 656 2132 S.
696 2087 857 2139 Illma.,
883 2087 1016 2143 quale
1053 2087 1180 2131 Iddio
1212 2088 1270 2131 N.
1311 2088 1360 2133 S.
1396 2087 1608 2131 conserui
1645 2101 1822 2144 sempre
1843 2093 1890 2131 et

246 2163 451 2220 prosperi
471 2164 519 2207 in
540 2178 624 2208 sua
645 2170 776 2207 santa
792 2163 956 2220 gratia,
980 2179 1110 2209 come
1130 2164 1356 2209 conuiene
1372 2179 1454 2222 per
1474 2164 1505 2208 il
1521 2165 1612 2208 ben
1631 2164 1890 2209 uniuersale

245 2239 295 2283 di
310 2254 394 2284 sua
413 2240 583 2295 chiesa,
607 2248 654 2285 et
675 2241 999 2297 specialmente
1019 2243 1139 2287 della
1161 2249 1434 2299 augustana.
1470 2244 1542 2286 De
1564 2241 1766 2298 Dilinga,
1790 2239 1889 2284 cin-

249 2331 339 2373 que
360 2317 409 2360 di
437 2319 701 2363 Nouembre
729 2318 856 2374 1563.

320 2425 332 2445 ¹
382 2424 440 2460 Ita
479 2426 681 2461 Polancus.
714 2425 826 2461 Prius
858 2436 952 2461 vero
981 2424 1036 2460 ita
1065 2424 1180 2461 frasis
1213 2425 1430 2472 composita
1464 2425 1612 2462 fuerat:
1648 2424 1891 2472 seguitando

245 2482 380 2529 quello
397 2484 464 2520 che
475 2485 618 2532 prima
634 2485 672 2521 si
684 2484 853 2532 faceua.
