2196 3522
367 262 437 300 238
925 259 1061 295 EPIST.
1089 257 1133 293 P.
1160 257 1352 292 NADAL—
1359 256 1425 291 261

364 365 512 415 uaina,
539 378 595 408 en
619 365 746 406 fuera
767 362 840 406 del
862 367 1002 404 rettor
1023 358 1283 403 Eleutherio
1303 373 1333 415 y
1355 372 1417 401 un
1435 363 1552 411 otro,
1572 372 1661 414 que
1675 362 1865 402 estauan
1881 371 1991 414 apa-

362 441 546 496 rejando
567 441 633 483 las
654 453 783 482 cosas
805 435 1082 482 necessarias
1103 451 1161 481 en
1183 435 1424 490 Cambray.

448 518 517 559 En
540 518 716 559 Enuers
736 516 779 559 10
800 516 913 559 haze
934 513 1040 557 bien
1068 513 1112 558 el
1132 513 1283 556 dottor
1305 513 1438 556 Paez.

445 596 516 639 De
537 593 726 637 Francia
747 607 805 636 no
829 599 1032 636 tenemos
1054 604 1160 634 cosa
1181 603 1332 634 nueua
1354 603 1443 645 que
1458 588 1666 644 importe,
1685 587 1880 645 despues
1898 602 1987 644 que

359 673 414 716 V.
437 673 491 715 R.
517 686 567 716 se
619 670 745 716 artio.

445 746 572 806 [Post
588 686 830 807 Ecriptum]
858 748 884 789 ¹.
911 748 1119 802 Despue's
1143 746 1302 789 hemos
1323 742 1483 787 sabido
1504 758 1594 799 que
1614 757 1672 787 en
1693 744 1835 787 Roma
1855 758 1904 788 se
1925 744 1984 788 ha

354 827 499 871 hecho
521 825 713 870 electic'm
735 825 791 868 de
813 826 897 868 dos
919 837 1094 867 nuevos
1117 821 1324 878 legados,
1345 835 1436 864 uno
1458 820 1500 865 el
1521 820 1732 866 cardenal
1753 821 1928 873 M0r6n,
1952 835 1983 877 y

351 909 453 946 otro
476 903 518 947 el
539 902 751 947 cardenal
772 901 985 957 Nauajer.
1012 900 1066 942 El
1089 898 1340 954 Seripando
1361 897 1492 941 dizen
1514 901 1610 942 esta
1630 898 1680 939 in
1697 897 1927 950 extremis,
1953 911 1982 953 y

351 994 442 1036 que
463 994 523 1023 no
545 983 727 1036 passara
749 979 806 1022 de
829 993 886 1034 oy
908 992 962 1021 su
985 976 1103 1019 uida.
1127 976 1202 1018 Ha
1223 975 1341 1018 dado
1357 974 1764 1018 demonstrationes
1785 974 1843 1019 de
1858 974 1982 1017 buon

349 1056 575 1100 catholico
598 1071 657 1112 oy
680 1055 1054 1099 communicando
1076 1068 1105 1109 y
1127 1052 1420 1109 protestando
1441 1053 1498 1095 de
1528 1051 1662 1095 morir
1683 1065 1741 1095 en
1762 1051 1805 1095 la
1825 1058 1981 1095 sancta

351 1134 396 1178 fe
431 1134 489 1178 de
523 1134 566 1176 la
602 1133 776 1190 yglesia
797 1133 1018 1176 catholica
1046 1129 1282 1189 roma[na].
1314 1130 1403 1174 Las
1424 1129 1802 1186 congregationes
1829 1129 1885 1173 de
1913 1129 1980 1172 105

354 1211 591 1268 theologos
612 1213 702 1254 han
723 1210 998 1266 comencado
1020 1209 1077 1253 de
1098 1221 1251 1252 nueuo
1272 1214 1369 1251 esta
1391 1207 1532 1250 tarde.

1107 1373 1224 1413 261

822 1477 868 1512 P.
902 1475 1142 1523 JOANNES
1167 1475 1238 1510 DE
1261 1472 1512 1512 POLANCO

976 1582 1025 1606 ex
1049 1570 1323 1606 commissione

741 1663 924 1705 PATRI
957 1661 1333 1704 HIERONYMO
1366 1661 1583 1704 NADAL

843 1764 1054 1801 nummu,
1084 1755 1126 1790 18
1150 1762 1295 1791 MARTn
1324 1754 1413 1799 1563
1438 1758 1469 1790 ².

347 1850 381 1876 1.
402 1839 472 1877 An
490 1840 589 1876 liber
606 1840 886 1876 exercitiorum
903 1840 1033 1875 denuo
1050 1839 1302 1874 excudendus
1317 1839 1606 1875 videatur.-2.
1624 1839 1685 1875 De
1702 1840 1973 1877 monachiensi

769 1899 1059 1934 concionatore:
1077 1899 1124 1934 de
1144 1899 1231 1933 ΡΡ.
1242 1898 1352 1945 Jae‘n
1369 1901 1406 1934 et
1424 1899 1537 1934 Pisa.

445 1996 482 2026 Ι.
548 1984 616 2026 En
640 1984 783 2026 Roma
810 1983 987 2038 quedan
1015 1996 1154 2038 pocas
1182 1981 1334 2038 copias
1362 1983 1418 2026 de
1444 1982 1511 2025 105
1538 1983 1783 2027 exercicios
1810 1991 1971 2029 estam-

348 2060 504 2116 pados,
539 2075 570 2116 y
598 2060 843 2104 occuriales
871 2060 956 2103 alla
989 2074 1078 2115 que
1113 2075 1170 2103 en
1207 2059 1386 2104 Vienna
1421 2075 1471 2105 se
1505 2061 1693 2117 podrian
1729 2069 1966 2119 estampar.

346 2138 403 2181 V.
431 2138 486 2180 R.
512 2136 625 2181 mire
646 2151 703 2180 en
725 2137 826 2189 ello,
851 2152 880 2192 y
902 2136 1026 2181 auise
1047 2138 1103 2180 de
1125 2137 1169 2179 10
1190 2151 1279 2192 que
1300 2137 1343 2180 le
1364 2137 1607 2193 pareciere,
1632 2141 1659 2180 a
1679 2139 1732 2182 N.
1760 2141 1812 2182 P.
1839 2140 1870 2182 ³.

435 2226 476 2257 2.
543 2214 596 2257 El
620 2216 672 2257 P.
699 2213 978 2257 Theodorico
1007 2214 1039 2266 ⁴,
1071 2221 1220 2257 rector
1240 2214 1298 2257 de
1325 2213 1579 2267 Monachio‚
1605 2214 1752 2260 scriue
1779 2216 1970 2272 algunas

345 2305 476 2335 cosas
498 2305 656 2335 acerca
677 2291 734 2333 de
755 2291 886 2347 aquel
908 2291 1053 2334 Padre
1076 2306 1164 2347 que
1184 2292 1259 2335 alli
1285 2291 1468 2348 predica
1500 2292 1514 2313 ⁵
1528 2325 1538 2345 ‚
1567 2306 1598 2348 y
1627 2293 1686 2335 ha
1713 2292 1922 2348 parecido
1942 2297 1969 2337 a

417 2426 427 2445 ¹
479 2423 525 2458 In
544 2422 733 2468 margine:
754 2422 889 2457 Padre
906 2421 1060 2458 Nadal.

413 2485 428 2505 ²
478 2483 537 2517 Ex
554 2482 742 2527 Regesto,
763 2480 862 2516 Cod.
888 2490 931 2527 33
949 2481 1001 2526 c),
1021 2481 1091 2517 fol.
1116 2490 1200 2527 245.
1226 2482 1270 2517 In
1289 2480 1474 2528 margine:
1496 2483 1549 2518 P.
1573 2482 1737 2519 Natale.
1760 2484 1868 2520 Haec
1886 2484 1966 2531 epi-

341 2543 442 2578 stola
459 2541 560 2577 inter
577 2540 686 2587 alias,
704 2551 803 2587 quae
824 2540 865 2574 18
884 2540 1010 2575 Martii
1031 2541 1198 2588 scriptae
1223 2546 1327 2588 sunt,
1345 2541 1550 2588 reperitur.
1569 2542 1684 2579 Unde
1701 2543 1772 2578 hae
1796 2543 1858 2579 die
1876 2543 1965 2580 data

342 2601 513 2645 videtur,
533 2601 625 2636 licet
642 2599 696 2635 ibi
715 2611 791 2634 non
810 2599 1063 2645 exprimatur.

413 2662 427 2681 ³
477 2660 553 2696 Die
571 2669 594 2704 4
610 2658 738 2694 Martii
755 2658 946 2694 Polancus
964 2659 1010 2694 P.
1036 2659 1224 2695 Madridio
1241 2660 1338 2695 haec
1354 2659 1569 2697 referebat:
1591 2662 1772 2708 «Quanto
1787 2663 1808 2697 a
1832 2663 1887 2698 las
1905 2674 1963 2699 re-

338 2721 425 2766 glas
443 2721 580 2755 uerase
599 2717 704 2753 silas
723 2729 771 2764 ay
790 2717 1033 2764 estampadas
1051 2730 1100 2754 en
1119 2719 1291 2763 Vienna,
1316 2731 1343 2766 y
1367 2719 1540 2756 tambien
1563 2720 1601 2755 10
1623 2731 1698 2767 que
1721 2721 1758 2756 le
1781 2724 1963 2768 parecera

339 2780 377 2815 al
395 2779 443 2815 P.
469 2777 592 2814 Nadal
610 2776 673 2812 del
699 2776 895 2823 emprimir
919 2778 984 2812 alli
1008 2778 1065 2812 105
1090 2778 1316 2815 exercitios.
1332 2791 1350 2811 »
1375 2779 1432 2814 Ex
1456 2779 1680 2827 archetypo,
1707 2778 1805 2815 Cod.
1837 2780 1960 2823 PLB,

340 2847 409 2874 110
432 2839 554 2883 (27)v.

411 2899 426 2920 ⁴
474 2895 674 2933 Canisius.

409 2958 424 2980 ⁵
472 2957 613 2992 Munus
630 2954 911 2991 concionatoris
930 2955 1121 2991 Monachii
1140 2955 1179 2991 id
1197 2955 1381 3002 temporis
1398 2956 1567 2992 habebat
1585 2955 1633 2991 P.
1664 2955 1850 2992 Martinus
1873 2956 1959 2992 Ste-

337 3016 560 3062 vordianus,
590 3014 640 3050 de
662 3025 740 3061 quo
763 3012 947 3060 frequens
972 3014 1131 3060 mentio,
1164 3019 1246 3050 tum
1276 3014 1315 3050 in
1338 3014 1398 3050 his
1428 3015 1724 3064 MONJJMENTIS,
1749 3020 1831 3052 tum
1854 3015 1957 3062 apud

334 3076 689 3120 BRAUNSBERGER,
707 3074 765 3109 loc
774 3098 783 3108 .
806 3072 877 3109 cit.
888 3099 897 3117 ,
921 3073 1103 3109 occurrit.
