<?xml version="1.0" encoding="UTF-8"?>
<!DOCTYPE html PUBLIC "-//W3C//DTD XHTML 1.0 Transitional//EN"
    "http://www.w3.org/TR/xhtml1/DTD/xhtml1-transitional.dtd">
<html xmlns="http://www.w3.org/1999/xhtml" xml:lang="en" lang="en">
 <head>
  <title>
</title>
<meta http-equiv="Content-Type" content="text/html;charset=utf-8" />
  <meta name='ocr-system' content='tesseract 3.04.00' />
  <meta name='ocr-capabilities' content='ocr_page ocr_carea ocr_par ocr_line ocrx_word'/>
</head>
<body>
  <div class='ocr_page' id='page_1' title='image "./epistolaephieron02nadauoft_0316.png"; bbox 0 0 2196 3522; ppageno 0'>
   <div class='ocr_carea' id='block_1_1' title="bbox 1943 0 2196 51">
    <p class='ocr_par' dir='ltr' id='par_1_1' title="bbox 1943 0 2196 51">
     <span class='ocr_line' id='line_1_1' title="bbox 1943 0 2196 51; baseline 0 3471"><span class='ocrx_word' id='word_1_1' title='bbox 1943 0 2196 51; x_wconf 95' lang='lat' dir='ltr'><strong><em> </em></strong></span> 
     </span>
    </p>
   </div>
   <div class='ocr_carea' id='block_1_2' title="bbox 291 246 1367 299">
    <p class='ocr_par' dir='ltr' id='par_1_2' title="bbox 291 246 1367 299">
     <span class='ocr_line' id='line_1_2' title="bbox 291 246 1367 299; baseline 0 -16"><span class='ocrx_word' id='word_1_2' title='bbox 291 259 362 299; x_wconf 81' lang='lat'><strong><em>290</em></strong></span> <span class='ocrx_word' id='word_1_3' title='bbox 851 248 992 283; x_wconf 72' lang='lat' dir='ltr'><strong><em>Ems&#39;r.</em></strong></span> <span class='ocrx_word' id='word_1_4' title='bbox 1024 246 1068 282; x_wconf 94' lang='lat' dir='ltr'><strong><em>P.</em></strong></span> <span class='ocrx_word' id='word_1_5' title='bbox 1097 246 1367 294; x_wconf 72' lang='lat' dir='ltr'><strong>NADAL-279</strong></span> 
     </span>
    </p>
   </div>
   <div class='ocr_carea' id='block_1_3' title="bbox 291 341 1934 707">
    <p class='ocr_par' dir='ltr' id='par_1_3' title="bbox 291 341 1934 485">
     <span class='ocr_line' id='line_1_3' title="bbox 291 341 1934 406; baseline -0.003 -9"><span class='ocrx_word' id='word_1_6' title='bbox 291 351 525 398; x_wconf 85' lang='lat' dir='ltr'><strong><em>titutiones</em></strong></span> <span class='ocrx_word' id='word_1_7' title='bbox 547 355 575 394; x_wconf 82' lang='grc' dir='ltr'>ὁ</span> <span class='ocrx_word' id='word_1_8' title='bbox 595 341 704 394; x_wconf 79' lang='lat' dir='ltr'><strong><em>vero</em></strong></span> <span class='ocrx_word' id='word_1_9' title='bbox 725 348 889 392; x_wconf 87' lang='lat' dir='ltr'><strong><em>acabar</em></strong></span> <span class='ocrx_word' id='word_1_10' title='bbox 909 347 978 389; x_wconf 86' lang='lat' dir='ltr'><strong><em>los</em></strong></span> <span class='ocrx_word' id='word_1_11' title='bbox 998 345 1203 403; x_wconf 66' lang='lat' dir='ltr'><strong><em>dialogos</em></strong></span> <span class='ocrx_word' id='word_1_12' title='bbox 1230 354 1318 391; x_wconf 86' lang='lat' dir='ltr'><strong><em>ete.</em></strong></span> <span class='ocrx_word' id='word_1_13' title='bbox 1353 348 1412 392; x_wconf 91' lang='lat' dir='ltr'><strong><em>V.</em></strong></span> <span class='ocrx_word' id='word_1_14' title='bbox 1438 349 1492 391; x_wconf 94' lang='lat' dir='ltr'><strong><em>P.</em></strong></span> <span class='ocrx_word' id='word_1_15' title='bbox 1517 362 1591 392; x_wconf 89' lang='lat' dir='ltr'><strong><em>me</em></strong></span> <span class='ocrx_word' id='word_1_16' title='bbox 1612 347 1739 392; x_wconf 85' lang='lat' dir='ltr'><strong><em>auise</em></strong></span> <span class='ocrx_word' id='word_1_17' title='bbox 1761 348 1934 406; x_wconf 69' lang='lat' dir='ltr'>(abun-—</span> 
     </span>
     <span class='ocr_line' id='line_1_4' title="bbox 293 422 1770 485; baseline -0.003 -12"><span class='ocrx_word' id='word_1_18' title='bbox 293 443 381 485; x_wconf 90' lang='lat' dir='ltr'><strong><em>que</em></strong></span> <span class='ocrx_word' id='word_1_19' title='bbox 402 428 491 484; x_wconf 86' lang='lat' dir='ltr'><strong><em>hay</em></strong></span> <span class='ocrx_word' id='word_1_20' title='bbox 513 425 695 482; x_wconf 85' lang='lat' dir='ltr'><strong><em>tiempo)</em></strong></span> <span class='ocrx_word' id='word_1_21' title='bbox 717 438 889 481; x_wconf 86' lang='lat' dir='ltr'><strong><em>porque</em></strong></span> <span class='ocrx_word' id='word_1_22' title='bbox 910 422 955 466; x_wconf 94' lang='lat' dir='ltr'><strong><em>io</em></strong></span> <span class='ocrx_word' id='word_1_23' title='bbox 978 423 1127 479; x_wconf 87' lang='lat' dir='ltr'><strong><em>pueda</em></strong></span> <span class='ocrx_word' id='word_1_24' title='bbox 1146 422 1306 479; x_wconf 74' lang='lat' dir='ltr'><strong><em>dirigit</em></strong></span> <span class='ocrx_word' id='word_1_25' title='bbox 1326 423 1412 467; x_wconf 84' lang='lat' dir='ltr'><strong><em>mis</em></strong></span> <span class='ocrx_word' id='word_1_26' title='bbox 1433 424 1770 481; x_wconf 84' lang='lat' dir='ltr'><strong>occupationes.</strong></span> 
     </span>
    </p>

    <p class='ocr_par' dir='ltr' id='par_1_4' title="bbox 291 498 1929 707">
     <span class='ocr_line' id='line_1_5' title="bbox 380 498 1929 558; baseline -0.002 -10"><span class='ocrx_word' id='word_1_27' title='bbox 380 505 499 548; x_wconf 87' lang='lat' dir='ltr'>Creo</span> <span class='ocrx_word' id='word_1_28' title='bbox 534 517 618 546; x_wconf 89' lang='lat' dir='ltr'><strong><em>nos</em></strong></span> <span class='ocrx_word' id='word_1_29' title='bbox 645 501 929 545; x_wconf 85' lang='lat' dir='ltr'><strong><em>aiudaremos</em></strong></span> <span class='ocrx_word' id='word_1_30' title='bbox 956 498 1061 542; x_wconf 86' lang='lat' dir='ltr'><strong>bien</strong></span> <span class='ocrx_word' id='word_1_31' title='bbox 1089 514 1146 543; x_wconf 89' lang='lat' dir='ltr'><strong><em>en</em></strong></span> <span class='ocrx_word' id='word_1_32' title='bbox 1173 506 1270 543; x_wconf 89' lang='lat' dir='ltr'><strong><em>este</em></strong></span> <span class='ocrx_word' id='word_1_33' title='bbox 1296 499 1489 558; x_wconf 77' lang='lat' dir='ltr'><strong><em>collegio</em></strong></span> <span class='ocrx_word' id='word_1_34' title='bbox 1523 502 1552 544; x_wconf 89' lang='lat'><strong><em>¹.</em></strong></span> <span class='ocrx_word' id='word_1_35' title='bbox 1589 501 1643 544; x_wconf 89' lang='lat' dir='ltr'><strong><em>El</em></strong></span> <span class='ocrx_word' id='word_1_36' title='bbox 1670 502 1816 547; x_wconf 80' lang='lat' dir='ltr'><strong><em>Sefior</em></strong></span> <span class='ocrx_word' id='word_1_37' title='bbox 1842 514 1929 545; x_wconf 66' lang='lat' dir='ltr'><strong><em>sea</em></strong></span> 
     </span>
     <span class='ocr_line' id='line_1_6' title="bbox 291 577 1923 635; baseline -0.001 -10"><span class='ocrx_word' id='word_1_38' title='bbox 291 596 377 626; x_wconf 93' lang='lat' dir='ltr'><strong><em>con</em></strong></span> <span class='ocrx_word' id='word_1_39' title='bbox 398 585 620 624; x_wconf 83' lang='lat' dir='ltr'><strong><em>nosotros.</em></strong></span> <span class='ocrx_word' id='word_1_40' title='bbox 651 578 750 622; x_wconf 82' lang='lat' dir='ltr'><strong><em>Ora</em></strong></span> <span class='ocrx_word' id='word_1_41' title='bbox 772 582 861 633; x_wconf 90' lang='lat' dir='ltr'><strong><em>pro</em></strong></span> <span class='ocrx_word' id='word_1_42' title='bbox 881 590 965 629; x_wconf 86' lang='lat' dir='ltr'><strong><em>me,</em></strong></span> <span class='ocrx_word' id='word_1_43' title='bbox 995 577 1154 620; x_wconf 80' lang='lat' dir='ltr'><strong><em>Pater.</em></strong></span> <span class='ocrx_word' id='word_1_44' title='bbox 1182 577 1251 621; x_wconf 89' lang='lat' dir='ltr'><strong><em>De</em></strong></span> <span class='ocrx_word' id='word_1_45' title='bbox 1279 578 1446 634; x_wconf 83' lang='lat' dir='ltr'><strong><em>Praga,</em></strong></span> <span class='ocrx_word' id='word_1_46' title='bbox 1475 586 1528 635; x_wconf 89' lang='lat'><strong><em>19</em></strong></span> <span class='ocrx_word' id='word_1_47' title='bbox 1547 578 1606 622; x_wconf 85' lang='lat' dir='ltr'><strong><em>de</em></strong></span> <span class='ocrx_word' id='word_1_48' title='bbox 1626 580 1762 635; x_wconf 86' lang='lat' dir='ltr'>Mayo</span> <span class='ocrx_word' id='word_1_49' title='bbox 1789 578 1923 634; x_wconf 62' lang='lat'><strong>1563.</strong></span> 
     </span>
     <span class='ocr_line' id='line_1_7' title="bbox 293 653 902 707; baseline -0.007 -5"><span class='ocrx_word' id='word_1_50' title='bbox 293 660 363 702; x_wconf 86' lang='lat' dir='ltr'><strong><em>De</em></strong></span> <span class='ocrx_word' id='word_1_51' title='bbox 384 658 442 701; x_wconf 92' lang='lat' dir='ltr'><strong><em>V.</em></strong></span> <span class='ocrx_word' id='word_1_52' title='bbox 469 658 523 700; x_wconf 92' lang='lat' dir='ltr'><strong><em>P.</em></strong></span> <span class='ocrx_word' id='word_1_53' title='bbox 548 655 698 699; x_wconf 84' lang='lat' dir='ltr'><strong><em>sieruo</em></strong></span> <span class='ocrx_word' id='word_1_54' title='bbox 720 669 778 700; x_wconf 88' lang='lat' dir='ltr'><strong><em>en</em></strong></span> <span class='ocrx_word' id='word_1_55' title='bbox 799 653 902 707; x_wconf 89' lang='lat' dir='ltr'><strong>X.⁰‚</strong></span> 
     </span>
    </p>
   </div>
   <div class='ocr_carea' id='block_1_4' title="bbox 1372 735 1686 854">
    <p class='ocr_par' dir='ltr' id='par_1_5' title="bbox 1372 735 1686 854">
     <span class='ocr_line' id='line_1_8' title="bbox 1372 735 1686 854; baseline -0.003 -73"><span class='ocrx_word' id='word_1_56' title='bbox 1372 735 1403 815; x_wconf 73' lang='lat'><strong>†</strong></span> <span class='ocrx_word' id='word_1_57' title='bbox 1434 737 1620 854; x_wconf 53' lang='lat' dir='ltr'><strong>NAssAL.</strong></span> <span class='ocrx_word' id='word_1_58' title='bbox 1655 736 1686 795; x_wconf 88' lang='lat'>†</span> 
     </span>
    </p>
   </div>
   <div class='ocr_carea' id='block_1_5' title="bbox 295 875 1935 1327">
    <p class='ocr_par' dir='ltr' id='par_1_6' title="bbox 295 875 1935 1238">
     <span class='ocr_line' id='line_1_9' title="bbox 383 875 1932 941; baseline -0.002 -10"><span class='ocrx_word' id='word_1_59' title='bbox 383 885 433 931; x_wconf 84' lang='lat' dir='ltr'><strong><em>Si</em></strong></span> <span class='ocrx_word' id='word_1_60' title='bbox 454 884 609 941; x_wconf 88' lang='lat' dir='ltr'><strong><em>quiere</em></strong></span> <span class='ocrx_word' id='word_1_61' title='bbox 630 886 789 940; x_wconf 79' lang='lat' dir='ltr'><strong><em>scaber</em></strong></span> <span class='ocrx_word' id='word_1_62' title='bbox 811 885 869 928; x_wconf 91' lang='lat' dir='ltr'><strong><em>V.</em></strong></span> <span class='ocrx_word' id='word_1_63' title='bbox 904 886 956 927; x_wconf 89' lang='lat' dir='ltr'><strong><em>P.</em></strong></span> <span class='ocrx_word' id='word_1_64' title='bbox 982 884 1024 928; x_wconf 90' lang='lat' dir='ltr'><strong><em>el</em></strong></span> <span class='ocrx_word' id='word_1_65' title='bbox 1047 898 1255 940; x_wconf 84' lang='lat' dir='ltr'><strong><em>parescer</em></strong></span> <span class='ocrx_word' id='word_1_66' title='bbox 1276 883 1332 928; x_wconf 88' lang='lat' dir='ltr'><strong><em>de</em></strong></span> <span class='ocrx_word' id='word_1_67' title='bbox 1353 885 1422 928; x_wconf 89' lang='lat' dir='ltr'><strong><em>los</em></strong></span> <span class='ocrx_word' id='word_1_68' title='bbox 1447 898 1537 940; x_wconf 86' lang='lat' dir='ltr'><strong><em>que</em></strong></span> <span class='ocrx_word' id='word_1_69' title='bbox 1558 875 1616 929; x_wconf 87' lang='lat' dir='ltr'><strong><em>he</em></strong></span> <span class='ocrx_word' id='word_1_70' title='bbox 1637 885 1932 938; x_wconf 56' lang='lat' dir='ltr'><strong><em>consultatio„</em></strong></span> 
     </span>
     <span class='ocr_line' id='line_1_10' title="bbox 295 960 1925 1020; baseline 0 -14"><span class='ocrx_word' id='word_1_71' title='bbox 295 962 424 1020; x_wconf 82' lang='lat' dir='ltr'>quasi</span> <span class='ocrx_word' id='word_1_72' title='bbox 447 963 581 1006; x_wconf 89' lang='lat' dir='ltr'><strong><em>todos</em></strong></span> <span class='ocrx_word' id='word_1_73' title='bbox 600 961 755 1005; x_wconf 83' lang='lat' dir='ltr'><strong><em>atinan</em></strong></span> <span class='ocrx_word' id='word_1_74' title='bbox 776 965 803 1005; x_wconf 75' lang='grc' dir='ltr'><strong><em>ἐι</em></strong></span> <span class='ocrx_word' id='word_1_75' title='bbox 839 962 883 1004; x_wconf 93' lang='grc'><strong><em>10</em></strong></span> <span class='ocrx_word' id='word_1_76' title='bbox 904 961 1040 1004; x_wconf 90' lang='lat' dir='ltr'><strong><em>dicho</em></strong></span> <span class='ocrx_word' id='word_1_77' title='bbox 1069 961 1102 1004; x_wconf 74' lang='grc' dir='ltr'>ἐ</span> <span class='ocrx_word' id='word_1_78' title='bbox 1127 962 1250 1004; x_wconf 88' lang='lat' dir='ltr'>ahun</span> <span class='ocrx_word' id='word_1_79' title='bbox 1272 960 1476 1006; x_wconf 85' lang='lat' dir='ltr'>Victoria</span> <span class='ocrx_word' id='word_1_80' title='bbox 1496 976 1570 1007; x_wconf 87' lang='lat' dir='ltr'><strong><em>me</em></strong></span> <span class='ocrx_word' id='word_1_81' title='bbox 1596 961 1702 1005; x_wconf 86' lang='lat' dir='ltr'><strong><em>dixo</em></strong></span> <span class='ocrx_word' id='word_1_82' title='bbox 1723 976 1811 1018; x_wconf 93' lang='lat' dir='ltr'><strong><em>que</em></strong></span> <span class='ocrx_word' id='word_1_83' title='bbox 1831 961 1925 1006; x_wconf 85' lang='lat' dir='ltr'><strong><em>lee-</em></strong></span> 
     </span>
     <span class='ocr_line' id='line_1_11' title="bbox 295 1037 1934 1095; baseline -0.002 -11"><span class='ocrx_word' id='word_1_84' title='bbox 295 1042 361 1084; x_wconf 69' lang='grc' dir='ltr'><strong><em>τίει</em></strong></span> <span class='ocrx_word' id='word_1_85' title='bbox 381 1055 471 1084; x_wconf 88' lang='lat' dir='ltr'><strong><em>vna</em></strong></span> <span class='ocrx_word' id='word_1_86' title='bbox 491 1039 627 1083; x_wconf 80' lang='lat' dir='ltr'><strong><em>licion</em></strong></span> <span class='ocrx_word' id='word_1_87' title='bbox 648 1040 706 1083; x_wconf 90' lang='lat' dir='ltr'><strong><em>de</em></strong></span> <span class='ocrx_word' id='word_1_88' title='bbox 728 1039 971 1095; x_wconf 82' lang='lat' dir='ltr'>theologia,</span> <span class='ocrx_word' id='word_1_89' title='bbox 997 1054 1025 1095; x_wconf 96' lang='lat' dir='ltr'>y</span> <span class='ocrx_word' id='word_1_90' title='bbox 1046 1038 1231 1082; x_wconf 71' lang='lat' dir='ltr'><strong><em>aiudara</em></strong></span> <span class='ocrx_word' id='word_1_91' title='bbox 1252 1052 1382 1082; x_wconf 84' lang='lat' dir='ltr'><strong><em>cosas</em></strong></span> <span class='ocrx_word' id='word_1_92' title='bbox 1402 1037 1672 1083; x_wconf 87' lang='lat' dir='ltr'><strong><em>semeiantes</em></strong></span> <span class='ocrx_word' id='word_1_93' title='bbox 1692 1039 1749 1082; x_wconf 89' lang='lat' dir='ltr'><strong><em>de</em></strong></span> <span class='ocrx_word' id='word_1_94' title='bbox 1769 1039 1835 1083; x_wconf 84' lang='lat' dir='ltr'><strong><em>las</em></strong></span> <span class='ocrx_word' id='word_1_95' title='bbox 1853 1037 1934 1082; x_wconf 73' lang='lat' dir='ltr'><strong><em>di-</em></strong></span> 
     </span>
     <span class='ocr_line' id='line_1_12' title="bbox 296 1115 1935 1171; baseline -0.002 -9"><span class='ocrx_word' id='word_1_96' title='bbox 296 1120 420 1162; x_wconf 84' lang='lat' dir='ltr'><strong><em>chas.</em></strong></span> <span class='ocrx_word' id='word_1_97' title='bbox 447 1117 590 1161; x_wconf 86' lang='lat' dir='ltr'>Paulo</span> <span class='ocrx_word' id='word_1_98' title='bbox 611 1131 661 1161; x_wconf 87' lang='lat' dir='ltr'><strong><em>se</em></strong></span> <span class='ocrx_word' id='word_1_99' title='bbox 682 1115 861 1160; x_wconf 83' lang='lat' dir='ltr'><strong>remitte</strong></span> <span class='ocrx_word' id='word_1_100' title='bbox 882 1120 908 1159; x_wconf 74' lang='grc' dir='ltr'><strong><em>εἰ</em></strong></span> <span class='ocrx_word' id='word_1_101' title='bbox 936 1119 995 1158; x_wconf 85' lang='lat' dir='ltr'><strong><em>mi</em></strong></span> <span class='ocrx_word' id='word_1_102' title='bbox 1018 1120 1045 1159; x_wconf 80' lang='grc' dir='ltr'><strong><em>έι</em></strong></span> <span class='ocrx_word' id='word_1_103' title='bbox 1066 1116 1109 1158; x_wconf 93' lang='grc'><strong><em>10</em></strong></span> <span class='ocrx_word' id='word_1_104' title='bbox 1130 1130 1219 1171; x_wconf 89' lang='lat' dir='ltr'><strong><em>que</em></strong></span> <span class='ocrx_word' id='word_1_105' title='bbox 1241 1123 1343 1159; x_wconf 85' lang='lat' dir='ltr'><strong><em>toea</em></strong></span> <span class='ocrx_word' id='word_1_106' title='bbox 1364 1120 1390 1159; x_wconf 65' lang='lat' dir='ltr'>a</span> <span class='ocrx_word' id='word_1_107' title='bbox 1417 1116 1475 1160; x_wconf 68' lang='lat' dir='ltr'><strong>el.</strong></span> <span class='ocrx_word' id='word_1_108' title='bbox 1501 1115 1683 1160; x_wconf 85' lang='lat' dir='ltr'><strong><em>Canisio</em></strong></span> <span class='ocrx_word' id='word_1_109' title='bbox 1705 1115 1824 1159; x_wconf 88' lang='lat' dir='ltr'><strong><em>dixo:</em></strong></span> <span class='ocrx_word' id='word_1_110' title='bbox 1849 1129 1935 1159; x_wconf 80' lang='lat' dir='ltr'><strong><em>ero</em></strong></span> 
     </span>
     <span class='ocr_line' id='line_1_13' title="bbox 297 1194 897 1238; baseline -0.005 0"><span class='ocrx_word' id='word_1_111' title='bbox 297 1194 642 1238; x_wconf 82' lang='lat' dir='ltr'><strong><em>commissarius</em></strong></span> <span class='ocrx_word' id='word_1_112' title='bbox 661 1194 844 1235; x_wconf 80' lang='lat' dir='ltr'><strong><em>nomine</em></strong></span> <span class='ocrx_word' id='word_1_113' title='bbox 866 1194 897 1235; x_wconf 83' lang='lat'><strong>³.</strong></span> 
     </span>
    </p>

    <p class='ocr_par' dir='ltr' id='par_1_7' title="bbox 387 1270 1175 1327">
     <span class='ocr_line' id='line_1_14' title="bbox 387 1270 1175 1327; baseline -0.003 -12"><span class='ocrx_word' id='word_1_114' title='bbox 387 1270 579 1315; x_wconf 82' lang='lat' dir='ltr'><strong><em>Nullum</em></strong></span> <span class='ocrx_word' id='word_1_115' title='bbox 601 1271 726 1313; x_wconf 86' lang='lat' dir='ltr'><strong><em>adest</em></strong></span> <span class='ocrx_word' id='word_1_116' title='bbox 747 1270 895 1326; x_wconf 82' lang='lat' dir='ltr'><em>sigilli</em></span> <span class='ocrx_word' id='word_1_117' title='bbox 915 1270 1175 1327; x_wconf 83' lang='lat' dir='ltr'><strong><em>vestigium.</em></strong></span> 
     </span>
    </p>
   </div>
   <div class='ocr_carea' id='block_1_6' title="bbox 1057 1446 1179 1488">
    <p class='ocr_par' dir='ltr' id='par_1_8' title="bbox 1057 1446 1179 1488">
     <span class='ocr_line' id='line_1_15' title="bbox 1057 1446 1179 1488; baseline -0.008 0"><span class='ocrx_word' id='word_1_118' title='bbox 1057 1446 1179 1488; x_wconf 63' lang='lat'><strong><em>229</em></strong></span> 
     </span>
    </p>
   </div>
   <div class='ocr_carea' id='block_1_7' title="bbox 620 1550 1610 1702">
    <p class='ocr_par' dir='ltr' id='par_1_9' title="bbox 620 1550 1610 1702">
     <span class='ocr_line' id='line_1_16' title="bbox 620 1550 1610 1595; baseline 0.003 -3"><span class='ocrx_word' id='word_1_119' title='bbox 620 1551 686 1593; x_wconf 91' lang='lat' dir='ltr'><strong><em>P.</em></strong></span> <span class='ocrx_word' id='word_1_120' title='bbox 739 1550 1284 1595; x_wconf 87' lang='lat' dir='ltr'>HIERONYMUS</span> <span class='ocrx_word' id='word_1_121' title='bbox 1332 1551 1610 1595; x_wconf 92' lang='lat' dir='ltr'>NADAL</span> 
     </span>
     <span class='ocr_line' id='line_1_17' title="bbox 811 1655 1424 1702; baseline 0.003 -12"><span class='ocrx_word' id='word_1_122' title='bbox 811 1655 970 1690; x_wconf 84' lang='lat' dir='ltr'><strong>PATRI</strong></span> <span class='ocrx_word' id='word_1_123' title='bbox 996 1655 1204 1702; x_wconf 86' lang='lat' dir='ltr'>JACOBO</span> <span class='ocrx_word' id='word_1_124' title='bbox 1229 1656 1424 1692; x_wconf 83' lang='lat' dir='ltr'>LA1NEz</span> 
     </span>
    </p>
   </div>
   <div class='ocr_carea' id='block_1_8' title="bbox 720 1739 1512 1786">
    <p class='ocr_par' dir='ltr' id='par_1_10' title="bbox 720 1739 1512 1786">
     <span class='ocr_line' id='line_1_18' title="bbox 720 1739 1512 1786; baseline 0.004 -12"><span class='ocrx_word' id='word_1_125' title='bbox 720 1748 904 1786; x_wconf 81' lang='lat' dir='ltr'>PRAGAE,</span> <span class='ocrx_word' id='word_1_126' title='bbox 931 1749 990 1781; x_wconf 85' lang='lat'><strong><em>20,</em></strong></span> <span class='ocrx_word' id='word_1_127' title='bbox 1019 1748 1064 1785; x_wconf 87' lang='lat'><strong><em>25</em></strong></span> <span class='ocrx_word' id='word_1_128' title='bbox 1091 1748 1145 1776; x_wconf 82' lang='lat' dir='ltr'><strong><em>ET</em></strong></span> <span class='ocrx_word' id='word_1_129' title='bbox 1170 1739 1217 1776; x_wconf 91' lang='lat'><strong><em>30</em></strong></span> <span class='ocrx_word' id='word_1_130' title='bbox 1242 1749 1335 1784; x_wconf 72' lang='lat' dir='ltr'><strong>MAJI</strong></span> <span class='ocrx_word' id='word_1_131' title='bbox 1363 1739 1454 1786; x_wconf 86' lang='lat'>1563</span> <span class='ocrx_word' id='word_1_132' title='bbox 1479 1742 1512 1777; x_wconf 78' lang='lat'><strong>⁴.</strong></span> 
     </span>
    </p>
   </div>
   <div class='ocr_carea' id='block_1_9' title="bbox 376 1821 1855 1931">
    <p class='ocr_par' dir='ltr' id='par_1_11' title="bbox 376 1821 1855 1931">
     <span class='ocr_line' id='line_1_19' title="bbox 376 1821 1855 1872; baseline 0.001 -13"><span class='ocrx_word' id='word_1_133' title='bbox 376 1822 618 1859; x_wconf 81' lang='lat' dir='ltr'><strong><em>Provinciae</em></strong></span> <span class='ocrx_word' id='word_1_134' title='bbox 639 1821 885 1858; x_wconf 81' lang='lat' dir='ltr'><strong><em>Germaniae</em></strong></span> <span class='ocrx_word' id='word_1_135' title='bbox 902 1824 1124 1870; x_wconf 85' lang='lat' dir='ltr'><strong><em>superioris</em></strong></span> <span class='ocrx_word' id='word_1_136' title='bbox 1140 1824 1300 1860; x_wconf 83' lang='lat' dir='ltr'><strong><em>divisio.</em></strong></span> <span class='ocrx_word' id='word_1_137' title='bbox 1322 1824 1414 1870; x_wconf 79' lang='lat' dir='ltr'><strong><em>Quo</em></strong></span> <span class='ocrx_word' id='word_1_138' title='bbox 1425 1827 1545 1872; x_wconf 79' lang='lat' dir='ltr'><strong><em>pacto</em></strong></span> <span class='ocrx_word' id='word_1_139' title='bbox 1556 1825 1855 1872; x_wconf 81' lang='lat' dir='ltr'><strong><em>providendum</em></strong></span> 
     </span>
     <span class='ocr_line' id='line_1_20' title="bbox 643 1882 1599 1931; baseline 0.003 -14"><span class='ocrx_word' id='word_1_140' title='bbox 643 1882 832 1917; x_wconf 79' lang='lat' dir='ltr'><strong><em>videatur</em></strong></span> <span class='ocrx_word' id='word_1_141' title='bbox 850 1882 989 1918; x_wconf 83' lang='lat' dir='ltr'><strong><em>scholis</em></strong></span> <span class='ocrx_word' id='word_1_142' title='bbox 1006 1883 1272 1931; x_wconf 84' lang='lat' dir='ltr'><strong><em>inferioribus</em></strong></span> <span class='ocrx_word' id='word_1_143' title='bbox 1288 1883 1334 1919; x_wconf 83' lang='lat' dir='ltr'><strong><em>in</em></strong></span> <span class='ocrx_word' id='word_1_144' title='bbox 1360 1883 1599 1920; x_wconf 82' lang='lat' dir='ltr'><strong>Germania.</strong></span> 
     </span>
    </p>
   </div>
   <div class='ocr_carea' id='block_1_10' title="bbox 305 1965 1943 2639">
    <p class='ocr_par' dir='ltr' id='par_1_12' title="bbox 305 1965 1943 2639">
     <span class='ocr_line' id='line_1_21' title="bbox 394 1965 1940 2024; baseline 0.002 -16"><span class='ocrx_word' id='word_1_145' title='bbox 394 1966 485 2009; x_wconf 87' lang='lat' dir='ltr'><strong><em>Die</em></strong></span> <span class='ocrx_word' id='word_1_146' title='bbox 506 1977 563 2008; x_wconf 88' lang='lat'><strong><em>20</em></strong></span> <span class='ocrx_word' id='word_1_147' title='bbox 584 1965 708 2022; x_wconf 86' lang='lat' dir='ltr'><strong><em>Maji</em></strong></span> <span class='ocrx_word' id='word_1_148' title='bbox 728 1966 883 2008; x_wconf 85' lang='lat' dir='ltr'><strong><em>datum</em></strong></span> <span class='ocrx_word' id='word_1_149' title='bbox 898 1967 1055 2024; x_wconf 83' lang='lat' dir='ltr'><strong><em>fuisse</em></strong></span> <span class='ocrx_word' id='word_1_150' title='bbox 1074 1967 1327 2023; x_wconf 86' lang='lat' dir='ltr'><strong><em>exemplum</em></strong></span> <span class='ocrx_word' id='word_1_151' title='bbox 1349 1967 1544 2010; x_wconf 83' lang='lat' dir='ltr'><strong><em>alterum</em></strong></span> <span class='ocrx_word' id='word_1_152' title='bbox 1571 1968 1791 2024; x_wconf 83' lang='lat' dir='ltr'><strong><em>epistolae,</em></strong></span> <span class='ocrx_word' id='word_1_153' title='bbox 1814 1965 1940 2011; x_wconf 74' lang='lat' dir='ltr'><strong><em>divi—</em></strong></span> 
     </span>
     <span class='ocr_line' id='line_1_22' title="bbox 307 2043 1943 2101; baseline 0.002 -16"><span class='ocrx_word' id='word_1_154' title='bbox 307 2044 478 2086; x_wconf 81' lang='lat' dir='ltr'><strong><em>sionem</em></strong></span> <span class='ocrx_word' id='word_1_155' title='bbox 493 2043 759 2098; x_wconf 84' lang='lat' dir='ltr'><strong><em>provinciae</em></strong></span> <span class='ocrx_word' id='word_1_156' title='bbox 780 2044 1032 2098; x_wconf 86' lang='lat' dir='ltr'><strong><em>superioris</em></strong></span> <span class='ocrx_word' id='word_1_157' title='bbox 1059 2044 1338 2087; x_wconf 79' lang='lat' dir='ltr'><strong><em>Germaniae</em></strong></span> <span class='ocrx_word' id='word_1_158' title='bbox 1358 2045 1654 2100; x_wconf 81' lang='lat' dir='ltr'><strong><em>proponentis</em></strong></span> <span class='ocrx_word' id='word_1_159' title='bbox 1679 2046 1851 2101; x_wconf 83' lang='lat' dir='ltr'><strong><em>(quam,</em></strong></span> <span class='ocrx_word' id='word_1_160' title='bbox 1879 2058 1943 2088; x_wconf 62' lang='lat' dir='ltr'><strong><em>ex&gt;</em></strong></span> 
     </span>
     <span class='ocr_line' id='line_1_23' title="bbox 310 2119 1940 2178; baseline 0.001 -16"><span class='ocrx_word' id='word_1_161' title='bbox 310 2119 595 2162; x_wconf 82' lang='lat' dir='ltr'><strong><em>adversariis</em></strong></span> <span class='ocrx_word' id='word_1_162' title='bbox 625 2119 927 2175; x_wconf 74' lang='lat' dir='ltr'><strong><em>autographis</em></strong></span> <span class='ocrx_word' id='word_1_163' title='bbox 958 2120 1280 2176; x_wconf 78' lang='lat' dir='ltr'><strong><em>depromptam,</em></strong></span> <span class='ocrx_word' id='word_1_164' title='bbox 1312 2121 1394 2164; x_wconf 88' lang='lat' dir='ltr'><strong><em>sub</em></strong></span> <span class='ocrx_word' id='word_1_165' title='bbox 1429 2136 1479 2164; x_wconf 89' lang='lat' dir='ltr'><strong>n.</strong></span> <span class='ocrx_word' id='word_1_166' title='bbox 1515 2121 1601 2176; x_wconf 83' lang='lat'><strong><em>178</em></strong></span> <span class='ocrx_word' id='word_1_167' title='bbox 1624 2122 1940 2178; x_wconf 74' lang='lat' dir='ltr'><strong><em>protulimus),</em></strong></span> 
     </span>
     <span class='ocr_line' id='line_1_24' title="bbox 310 2195 1937 2252; baseline 0.001 -13"><span class='ocrx_word' id='word_1_168' title='bbox 310 2199 481 2239; x_wconf 79' lang='lat' dir='ltr'><strong><em>constat</em></strong></span> <span class='ocrx_word' id='word_1_169' title='bbox 501 2209 558 2238; x_wconf 85' lang='lat' dir='ltr'><strong><em>ex</em></strong></span> <span class='ocrx_word' id='word_1_170' title='bbox 578 2196 762 2252; x_wconf 87' lang='lat' dir='ltr'><strong><em>epistola</em></strong></span> <span class='ocrx_word' id='word_1_171' title='bbox 783 2195 883 2248; x_wconf 86' lang='lat'><em>282,</em></span> <span class='ocrx_word' id='word_1_172' title='bbox 905 2211 952 2239; x_wconf 73' lang='lat' dir='ltr'><strong><em>rt.</em></strong></span> <span class='ocrx_word' id='word_1_173' title='bbox 981 2208 1019 2249; x_wconf 87' lang='lat' dir='ltr'><strong><em>I,</em></strong></span> <span class='ocrx_word' id='word_1_174' title='bbox 1042 2197 1119 2240; x_wconf 86' lang='lat' dir='ltr'><strong><em>ubi</em></strong></span> <span class='ocrx_word' id='word_1_175' title='bbox 1140 2197 1248 2240; x_wconf 79' lang='lat' dir='ltr'><strong><em>haec</em></strong></span> <span class='ocrx_word' id='word_1_176' title='bbox 1268 2199 1334 2241; x_wconf 87' lang='lat' dir='ltr'><strong><em>ait</em></strong></span> <span class='ocrx_word' id='word_1_177' title='bbox 1361 2199 1605 2241; x_wconf 81' lang='lat' dir='ltr'><strong><em>Polancus:</em></strong></span> <span class='ocrx_word' id='word_1_178' title='bbox 1639 2200 1807 2241; x_wconf 85' lang='lat' dir='ltr'><strong><em>«Pocos</em></strong></span> <span class='ocrx_word' id='word_1_179' title='bbox 1833 2198 1937 2241; x_wconf 81' lang='lat' dir='ltr'><strong><em>dias</em></strong></span> 
     </span>
     <span class='ocr_line' id='line_1_25' title="bbox 310 2273 1936 2331; baseline 0.002 -16"><span class='ocrx_word' id='word_1_180' title='bbox 310 2274 370 2315; x_wconf 72' lang='lat' dir='ltr'><strong><em>lui</em></strong></span> <span class='ocrx_word' id='word_1_181' title='bbox 391 2287 437 2316; x_wconf 91' lang='lat' dir='ltr'><strong><em>se</em></strong></span> <span class='ocrx_word' id='word_1_182' title='bbox 458 2273 652 2316; x_wconf 80' lang='lat' dir='ltr'><strong><em>escriuio</em></strong></span> <span class='ocrx_word' id='word_1_183' title='bbox 673 2273 702 2314; x_wconf 84' lang='grc' dir='ltr'><em>ά</em></span> <span class='ocrx_word' id='word_1_184' title='bbox 732 2273 780 2316; x_wconf 91' lang='lat' dir='ltr'><strong>V.</strong></span> <span class='ocrx_word' id='word_1_185' title='bbox 807 2274 884 2325; x_wconf 85' lang='lat' dir='ltr'><strong><em>R.‚</em></strong></span> <span class='ocrx_word' id='word_1_186' title='bbox 907 2288 1087 2330; x_wconf 72' lang='lat' dir='ltr'><strong><em>dunque</em></strong></span> <span class='ocrx_word' id='word_1_187' title='bbox 1109 2289 1166 2317; x_wconf 81' lang='lat' dir='ltr'><strong><em>no</em></strong></span> <span class='ocrx_word' id='word_1_188' title='bbox 1187 2289 1234 2317; x_wconf 87' lang='lat' dir='ltr'><strong><em>se</em></strong></span> <span class='ocrx_word' id='word_1_189' title='bbox 1255 2276 1494 2331; x_wconf 75' lang='lat' dir='ltr'><strong><em>respondio</em></strong></span> <span class='ocrx_word' id='word_1_190' title='bbox 1515 2276 1544 2318; x_wconf 84' lang='grc' dir='ltr'><em>ά</em></span> <span class='ocrx_word' id='word_1_191' title='bbox 1572 2276 1617 2318; x_wconf 85' lang='grc' dir='ltr'><strong><em>Ζα</em></strong></span> <span class='ocrx_word' id='word_1_192' title='bbox 1647 2276 1762 2318; x_wconf 79' lang='lat' dir='ltr'><strong><em>tetra</em></strong></span> <span class='ocrx_word' id='word_1_193' title='bbox 1792 2275 1846 2318; x_wconf 84' lang='lat' dir='ltr'><strong><em>de</em></strong></span> <span class='ocrx_word' id='word_1_194' title='bbox 1877 2288 1936 2319; x_wconf 88' lang='lat'><strong><em>20</em></strong></span> 
     </span>
     <span class='ocr_line' id='line_1_26' title="bbox 311 2348 1935 2409; baseline 0.002 -16"><span class='ocrx_word' id='word_1_195' title='bbox 311 2351 363 2393; x_wconf 86' lang='lat' dir='ltr'><strong><em>de</em></strong></span> <span class='ocrx_word' id='word_1_196' title='bbox 385 2348 531 2406; x_wconf 83' lang='lat' dir='ltr'><strong><em>Mayo‚</em></strong></span> <span class='ocrx_word' id='word_1_197' title='bbox 553 2349 696 2392; x_wconf 82' lang='lat' dir='ltr'><strong><em>donde</em></strong></span> <span class='ocrx_word' id='word_1_198' title='bbox 717 2351 839 2391; x_wconf 81' lang='lat' dir='ltr'><strong><em>trata</em></strong></span> <span class='ocrx_word' id='word_1_199' title='bbox 860 2350 912 2392; x_wconf 87' lang='lat' dir='ltr'><strong><em>de</em></strong></span> <span class='ocrx_word' id='word_1_200' title='bbox 934 2351 998 2392; x_wconf 87' lang='lat' dir='ltr'><strong><em>los</em></strong></span> <span class='ocrx_word' id='word_1_201' title='bbox 1019 2351 1197 2394; x_wconf 64' lang='lat' dir='ltr'><strong><em>disevios</em></strong></span> <span class='ocrx_word' id='word_1_202' title='bbox 1219 2365 1302 2407; x_wconf 84' lang='lat' dir='ltr'><strong><em>que</em></strong></span> <span class='ocrx_word' id='word_1_203' title='bbox 1323 2352 1362 2395; x_wconf 83' lang='lat' dir='ltr'><strong><em>le</em></strong></span> <span class='ocrx_word' id='word_1_204' title='bbox 1389 2351 1482 2394; x_wconf 80' lang='lat' dir='ltr'><strong><em>han</em></strong></span> <span class='ocrx_word' id='word_1_205' title='bbox 1509 2352 1722 2395; x_wconf 80' lang='lat' dir='ltr'><strong><em>ocurrido</em></strong></span> <span class='ocrx_word' id='word_1_206' title='bbox 1741 2357 1865 2409; x_wconf 87' lang='lat' dir='ltr'><strong><em>para</em></strong></span> <span class='ocrx_word' id='word_1_207' title='bbox 1895 2354 1935 2396; x_wconf 89' lang='lat' dir='ltr'><strong><em>el</em></strong></span> 
     </span>
     <span class='ocr_line' id='line_1_27' title="bbox 310 2426 1941 2484; baseline 0.002 -14"><span class='ocrx_word' id='word_1_208' title='bbox 310 2427 482 2470; x_wconf 79' lang='lat' dir='ltr'><strong><em>asiento</em></strong></span> <span class='ocrx_word' id='word_1_209' title='bbox 502 2427 627 2470; x_wconf 84' lang='lat' dir='ltr'><strong><em>desta</em></strong></span> <span class='ocrx_word' id='word_1_210' title='bbox 641 2426 886 2483; x_wconf 81' lang='lat' dir='ltr'><strong><em>prouincia</em></strong></span> <span class='ocrx_word' id='word_1_211' title='bbox 908 2442 938 2483; x_wconf 78' lang='lat' dir='ltr'>y</span> <span class='ocrx_word' id='word_1_212' title='bbox 960 2429 1181 2484; x_wconf 83' lang='lat' dir='ltr'><strong><em>gobierno</em></strong></span> <span class='ocrx_word' id='word_1_213' title='bbox 1207 2429 1371 2473; x_wconf 85' lang='lat' dir='ltr'><strong>della...</strong></span> <span class='ocrx_word' id='word_1_214' title='bbox 1384 2448 1401 2470; x_wconf 89' lang='lat'>»</span> <span class='ocrx_word' id='word_1_215' title='bbox 1437 2429 1601 2472; x_wconf 84' lang='lat' dir='ltr'><strong><em>Postea</em></strong></span> <span class='ocrx_word' id='word_1_216' title='bbox 1632 2443 1750 2483; x_wconf 87' lang='lat' dir='ltr'><strong><em>vero,</em></strong></span> <span class='ocrx_word' id='word_1_217' title='bbox 1780 2429 1941 2473; x_wconf 84' lang='lat' dir='ltr'><strong><em>diebus-</em></strong></span> 
     </span>
     <span class='ocr_line' id='line_1_28' title="bbox 311 2504 1933 2563; baseline 0.002 -16"><span class='ocrx_word' id='word_1_218' title='bbox 311 2516 339 2547; x_wconf 89' lang='lat'><strong><em>2</em></strong></span> <span class='ocrx_word' id='word_1_219' title='bbox 341 2514 368 2559; x_wconf 85' lang='lat'>5</span> <span class='ocrx_word' id='word_1_220' title='bbox 390 2508 431 2547; x_wconf 88' lang='lat' dir='ltr'><strong><em>et</em></strong></span> <span class='ocrx_word' id='word_1_221' title='bbox 453 2515 522 2559; x_wconf 79' lang='lat'><strong><em>30,</em></strong></span> <span class='ocrx_word' id='word_1_222' title='bbox 545 2504 692 2546; x_wconf 83' lang='lat' dir='ltr'><strong><em>denuo</em></strong></span> <span class='ocrx_word' id='word_1_223' title='bbox 707 2504 889 2559; x_wconf 80' lang='lat' dir='ltr'><strong><em>scripsit</em></strong></span> <span class='ocrx_word' id='word_1_224' title='bbox 907 2506 1088 2548; x_wconf 80' lang='lat' dir='ltr'><strong><em>Natalis</em></strong></span> <span class='ocrx_word' id='word_1_225' title='bbox 1105 2507 1164 2549; x_wconf 85' lang='lat' dir='ltr'><strong><em>ad</em></strong></span> <span class='ocrx_word' id='word_1_226' title='bbox 1180 2507 1416 2559; x_wconf 83' lang='lat' dir='ltr'><strong><em>Lainium,</em></strong></span> <span class='ocrx_word' id='word_1_227' title='bbox 1431 2510 1474 2549; x_wconf 89' lang='lat' dir='ltr'><strong><em>et</em></strong></span> <span class='ocrx_word' id='word_1_228' title='bbox 1488 2507 1765 2563; x_wconf 85' lang='lat' dir='ltr'><strong><em>duplicatum</em></strong></span> <span class='ocrx_word' id='word_1_229' title='bbox 1782 2521 1933 2550; x_wconf 87' lang='lat' dir='ltr'><strong><em>exem-</em></strong></span> 
     </span>
     <span class='ocr_line' id='line_1_29' title="bbox 305 2581 1938 2639; baseline 0.002 -16"><span class='ocrx_word' id='word_1_230' title='bbox 305 2583 436 2638; x_wconf 87' lang='lat' dir='ltr'><strong><em>plum</em></strong></span> <span class='ocrx_word' id='word_1_231' title='bbox 458 2581 664 2637; x_wconf 83' lang='lat' dir='ltr'><strong><em>epistolae</em></strong></span> <span class='ocrx_word' id='word_1_232' title='bbox 685 2581 757 2623; x_wconf 85' lang='lat' dir='ltr'><strong><em>die</em></strong></span> <span class='ocrx_word' id='word_1_233' title='bbox 778 2592 835 2623; x_wconf 89' lang='lat'><strong><em>20</em></strong></span> <span class='ocrx_word' id='word_1_234' title='bbox 856 2581 987 2625; x_wconf 86' lang='lat' dir='ltr'><strong><em>datae</em></strong></span> <span class='ocrx_word' id='word_1_235' title='bbox 1008 2584 1146 2636; x_wconf 81' lang='lat' dir='ltr'><strong><em>misit,</em></strong></span> <span class='ocrx_word' id='word_1_236' title='bbox 1167 2586 1218 2626; x_wconf 85' lang='lat' dir='ltr'><strong><em>ut</em></strong></span> <span class='ocrx_word' id='word_1_237' title='bbox 1239 2586 1408 2627; x_wconf 82' lang='lat' dir='ltr'><strong><em>constat</em></strong></span> <span class='ocrx_word' id='word_1_238' title='bbox 1429 2597 1485 2626; x_wconf 83' lang='lat' dir='ltr'><strong><em>ex</em></strong></span> <span class='ocrx_word' id='word_1_239' title='bbox 1505 2584 1689 2639; x_wconf 86' lang='lat' dir='ltr'><strong><em>epistola</em></strong></span> <span class='ocrx_word' id='word_1_240' title='bbox 1705 2582 1763 2627; x_wconf 84' lang='lat'><strong><em>28</em></strong></span> <span class='ocrx_word' id='word_1_241' title='bbox 1765 2594 1806 2639; x_wconf 79' lang='lat'><strong><em>3,</em></strong></span> <span class='ocrx_word' id='word_1_242' title='bbox 1823 2598 1871 2628; x_wconf 83' lang='lat' dir='ltr'><strong>n.</strong></span> <span class='ocrx_word' id='word_1_243' title='bbox 1893 2595 1938 2638; x_wconf 63' lang='lat' dir='ltr'><strong><em>I,</em></strong></span> 
     </span>
    </p>
   </div>
   <div class='ocr_carea' id='block_1_11' title="bbox 313 2665 577 2670">
    <p class='ocr_par' dir='ltr' id='par_1_13' title="bbox 313 2665 577 2670">
     <span class='ocr_line' id='line_1_30' title="bbox 313 2665 577 2670; baseline 0 0"><span class='ocrx_word' id='word_1_244' title='bbox 313 2665 577 2670; x_wconf 95' lang='lat' dir='ltr'><strong><em> </em></strong></span> 
     </span>
    </p>
   </div>
   <div class='ocr_carea' id='block_1_12' title="bbox 312 2701 1944 3047">
    <p class='ocr_par' dir='ltr' id='par_1_14' title="bbox 313 2701 1944 2810">
     <span class='ocr_line' id='line_1_31' title="bbox 385 2701 1944 2751; baseline 0.003 -15"><span class='ocrx_word' id='word_1_245' title='bbox 385 2702 397 2724; x_wconf 87' lang='lat'>¹</span> <span class='ocrx_word' id='word_1_246' title='bbox 447 2701 549 2738; x_wconf 89' lang='lat' dir='ltr'><strong><em>Loco</em></strong></span> <span class='ocrx_word' id='word_1_247' title='bbox 566 2702 702 2737; x_wconf 87' lang='lat' dir='ltr'><strong><em>horum</em></strong></span> <span class='ocrx_word' id='word_1_248' title='bbox 719 2706 870 2748; x_wconf 88' lang='lat' dir='ltr'><strong><em>septem</em></strong></span> <span class='ocrx_word' id='word_1_249' title='bbox 888 2703 1109 2747; x_wconf 85' lang='lat' dir='ltr'><strong><em>verborum,</em></strong></span> <span class='ocrx_word' id='word_1_250' title='bbox 1127 2713 1227 2750; x_wconf 84' lang='lat' dir='ltr'><strong><em>quae</em></strong></span> <span class='ocrx_word' id='word_1_251' title='bbox 1244 2707 1336 2739; x_wconf 88' lang='lat' dir='ltr'><strong><em>sunt</em></strong></span> <span class='ocrx_word' id='word_1_252' title='bbox 1351 2703 1495 2751; x_wconf 87' lang='lat' dir='ltr'><strong><em>scripta</em></strong></span> <span class='ocrx_word' id='word_1_253' title='bbox 1509 2713 1628 2751; x_wconf 51' lang='lat' dir='ltr'><strong><em>¹supra</em></strong></span> <span class='ocrx_word' id='word_1_254' title='bbox 1644 2712 1816 2750; x_wconf 75' lang='lat' dir='ltr'><strong><em>versum,</em></strong></span> <span class='ocrx_word' id='word_1_255' title='bbox 1831 2704 1944 2751; x_wconf 72' lang='lat' dir='ltr'><strong><em>prius-</em></strong></span> 
     </span>
     <span class='ocr_line' id='line_1_32' title="bbox 313 2761 1886 2810; baseline 0.003 -14"><span class='ocrx_word' id='word_1_256' title='bbox 313 2761 532 2808; x_wconf 86' lang='lat' dir='ltr'><strong><em>scripserat:</em></strong></span> <span class='ocrx_word' id='word_1_257' title='bbox 554 2761 644 2808; x_wconf 78' lang='lat' dir='ltr'><strong><em>Hay</em></strong></span> <span class='ocrx_word' id='word_1_258' title='bbox 659 2761 776 2796; x_wconf 85' lang='lat' dir='ltr'><strong><em>harto</em></strong></span> <span class='ocrx_word' id='word_1_259' title='bbox 793 2772 866 2806; x_wconf 84' lang='lat' dir='ltr'><strong><em>que</em></strong></span> <span class='ocrx_word' id='word_1_260' title='bbox 884 2763 1059 2797; x_wconf 84' lang='lat' dir='ltr'><strong><em>ordenar</em></strong></span> <span class='ocrx_word' id='word_1_261' title='bbox 1075 2774 1124 2798; x_wconf 84' lang='lat' dir='ltr'><strong><em>en</em></strong></span> <span class='ocrx_word' id='word_1_262' title='bbox 1141 2765 1217 2798; x_wconf 86' lang='lat' dir='ltr'><strong><em>este</em></strong></span> <span class='ocrx_word' id='word_1_263' title='bbox 1239 2763 1420 2810; x_wconf 85' lang='lat' dir='ltr'><strong><em>collegio,</em></strong></span> <span class='ocrx_word' id='word_1_264' title='bbox 1438 2774 1538 2810; x_wconf 90' lang='lat' dir='ltr'><strong>quae</strong></span> <span class='ocrx_word' id='word_1_265' title='bbox 1555 2768 1646 2799; x_wconf 90' lang='lat' dir='ltr'><strong><em>sunt</em></strong></span> <span class='ocrx_word' id='word_1_266' title='bbox 1663 2763 1886 2800; x_wconf 78' lang='lat' dir='ltr'><strong><em>obliterata.</em></strong></span> 
     </span>
    </p>

    <p class='ocr_par' dir='ltr' id='par_1_15' title="bbox 315 2820 1943 2927">
     <span class='ocr_line' id='line_1_33' title="bbox 384 2820 1943 2870; baseline 0.003 -14"><span class='ocrx_word' id='word_1_267' title='bbox 384 2823 398 2843; x_wconf 77' lang='lat'>²</span> <span class='ocrx_word' id='word_1_268' title='bbox 448 2820 522 2856; x_wconf 91' lang='lat' dir='ltr'><strong><em>Pro</em></strong></span> <span class='ocrx_word' id='word_1_269' title='bbox 544 2820 606 2856; x_wconf 85' lang='lat' dir='ltr'><strong><em>his</em></strong></span> <span class='ocrx_word' id='word_1_270' title='bbox 621 2825 784 2868; x_wconf 82' lang='lat' dir='ltr'><strong><em>quatuar</em></strong></span> <span class='ocrx_word' id='word_1_271' title='bbox 801 2820 931 2856; x_wconf 89' lang='lat' dir='ltr'><strong><em>verbis</em></strong></span> <span class='ocrx_word' id='word_1_272' title='bbox 961 2821 1066 2867; x_wconf 81' lang='lat' dir='ltr'><strong><em>prius</em></strong></span> <span class='ocrx_word' id='word_1_273' title='bbox 1095 2821 1316 2868; x_wconf 86' lang='lat' dir='ltr'><strong><em>scripserat:</em></strong></span> <span class='ocrx_word' id='word_1_274' title='bbox 1342 2832 1391 2857; x_wconf 79' lang='lat' dir='ltr'><strong><em>en</em></strong></span> <span class='ocrx_word' id='word_1_275' title='bbox 1414 2823 1504 2858; x_wconf 82' lang='lat' dir='ltr'><strong><em>todo</em></strong></span> <span class='ocrx_word' id='word_1_276' title='bbox 1526 2831 1595 2858; x_wconf 73' lang='lat' dir='ltr'><strong><em>eon</em></strong></span> <span class='ocrx_word' id='word_1_277' title='bbox 1613 2823 1718 2858; x_wconf 81' lang='lat' dir='ltr'><strong><em>deste</em></strong></span> <span class='ocrx_word' id='word_1_278' title='bbox 1737 2826 1943 2870; x_wconf 76' lang='lat' dir='ltr'><strong><em>parescer,</em></strong></span> 
     </span>
     <span class='ocr_line' id='line_1_34' title="bbox 315 2880 681 2927; baseline 0 -12"><span class='ocrx_word' id='word_1_279' title='bbox 315 2891 415 2927; x_wconf 88' lang='lat' dir='ltr'><strong>quae</strong></span> <span class='ocrx_word' id='word_1_280' title='bbox 432 2880 681 2916; x_wconf 81' lang='lat' dir='ltr'><strong><em>cancellavit.</em></strong></span> 
     </span>
    </p>

    <p class='ocr_par' dir='ltr' id='par_1_16' title="bbox 312 2938 1944 3047">
     <span class='ocr_line' id='line_1_35' title="bbox 383 2938 1944 2988; baseline 0.001 -14"><span class='ocrx_word' id='word_1_281' title='bbox 383 2940 397 2961; x_wconf 78' lang='lat'><strong>³</strong></span> <span class='ocrx_word' id='word_1_282' title='bbox 447 2940 559 2975; x_wconf 87' lang='lat' dir='ltr'><strong><em>Hanc</em></strong></span> <span class='ocrx_word' id='word_1_283' title='bbox 593 2938 740 2975; x_wconf 81' lang='lat' dir='ltr'><strong><em>canisii</em></strong></span> <span class='ocrx_word' id='word_1_284' title='bbox 763 2938 996 2974; x_wconf 86' lang='lat' dir='ltr'><strong><em>sententiam</em></strong></span> <span class='ocrx_word' id='word_1_285' title='bbox 1022 2939 1096 2975; x_wconf 85' lang='lat' dir='ltr'><strong><em>alia</em></strong></span> <span class='ocrx_word' id='word_1_286' title='bbox 1124 2940 1274 2976; x_wconf 83' lang='lat' dir='ltr'><strong><em>ratione</em></strong></span> <span class='ocrx_word' id='word_1_287' title='bbox 1298 2940 1516 2987; x_wconf 82' lang='lat' dir='ltr'><strong><em>exprimere</em></strong></span> <span class='ocrx_word' id='word_1_288' title='bbox 1539 2940 1764 2988; x_wconf 78' lang='lat' dir='ltr'><strong><em>incoeperat</em></strong></span> <span class='ocrx_word' id='word_1_289' title='bbox 1786 2941 1944 2978; x_wconf 72' lang='lat' dir='ltr'><strong><em>Natalis</em></strong></span> 
     </span>
     <span class='ocr_line' id='line_1_36' title="bbox 312 2996 1400 3047; baseline 0.002 -13"><span class='ocrx_word' id='word_1_290' title='bbox 312 2999 490 3035; x_wconf 88' lang='lat' dir='ltr'><strong><em>scribens</em></strong></span> <span class='ocrx_word' id='word_1_291' title='bbox 507 2999 647 3042; x_wconf 86' lang='lat' dir='ltr'><strong><em>vultis‚·</em></strong></span> <span class='ocrx_word' id='word_1_292' title='bbox 663 3009 740 3046; x_wconf 92' lang='lat' dir='ltr'><strong><em>quo</em></strong></span> <span class='ocrx_word' id='word_1_293' title='bbox 756 2996 901 3043; x_wconf 85' lang='lat' dir='ltr'><strong><em>deleto,</em></strong></span> <span class='ocrx_word' id='word_1_294' title='bbox 918 2997 983 3033; x_wconf 89' lang='lat' dir='ltr'><strong><em>illa</em></strong></span> <span class='ocrx_word' id='word_1_295' title='bbox 1001 2999 1073 3034; x_wconf 87' lang='lat' dir='ltr'><strong><em>tria</em></strong></span> <span class='ocrx_word' id='word_1_296' title='bbox 1090 3000 1210 3034; x_wconf 84' lang='lat' dir='ltr'><strong><em>verba</em></strong></span> <span class='ocrx_word' id='word_1_297' title='bbox 1228 2999 1400 3047; x_wconf 84' lang='lat' dir='ltr'><strong><em>scripsit.</em></strong></span> 
     </span>
    </p>
   </div>
   <div class='ocr_carea' id='block_1_13' title="bbox 384 3055 1557 3106">
    <p class='ocr_par' dir='ltr' id='par_1_17' title="bbox 384 3055 1557 3106">
     <span class='ocr_line' id='line_1_37' title="bbox 384 3055 1557 3106; baseline 0.001 -12"><span class='ocrx_word' id='word_1_298' title='bbox 384 3060 399 3081; x_wconf 82' lang='lat'>⁴</span> <span class='ocrx_word' id='word_1_299' title='bbox 449 3059 507 3094; x_wconf 87' lang='lat' dir='ltr'><strong><em>Ex</em></strong></span> <span class='ocrx_word' id='word_1_300' title='bbox 525 3059 640 3106; x_wconf 89' lang='lat' dir='ltr'><strong><em>epist.</em></strong></span> <span class='ocrx_word' id='word_1_301' title='bbox 660 3058 744 3102; x_wconf 86' lang='lat'>282,</span> <span class='ocrx_word' id='word_1_302' title='bbox 763 3055 846 3102; x_wconf 80' lang='lat'>2833</span> <span class='ocrx_word' id='word_1_303' title='bbox 865 3061 906 3093; x_wconf 91' lang='lat' dir='ltr'><strong><em>et</em></strong></span> <span class='ocrx_word' id='word_1_304' title='bbox 922 3066 971 3093; x_wconf 81' lang='lat' dir='ltr'><strong><em>ex</em></strong></span> <span class='ocrx_word' id='word_1_305' title='bbox 992 3057 1091 3094; x_wconf 87' lang='lat' dir='ltr'><strong>Cod.</strong></span> <span class='ocrx_word' id='word_1_306' title='bbox 1114 3059 1234 3103; x_wconf 90' lang='lat' dir='ltr'><strong><em>PLB,</em></strong></span> <span class='ocrx_word' id='word_1_307' title='bbox 1260 3066 1327 3103; x_wconf 90' lang='lat'><strong><em>140</em></strong></span> <span class='ocrx_word' id='word_1_308' title='bbox 1346 3058 1406 3103; x_wconf 91' lang='lat'><strong><em>(88</em></strong></span> <span class='ocrx_word' id='word_1_309' title='bbox 1423 3063 1465 3095; x_wconf 89' lang='lat' dir='ltr'><strong><em>et</em></strong></span> <span class='ocrx_word' id='word_1_310' title='bbox 1481 3058 1557 3105; x_wconf 88' lang='lat'><strong>89).</strong></span> 
     </span>
    </p>
   </div>
  </div>
 </body>
</html>
