2196 3522
282 291 349 328 136
837 292 975 326 Emsr.
1003 290 1048 326 P.
1075 289 1360 328 NADAL-223

280 401 326 438 et
347 393 499 436 literas
520 391 689 437 mensis
710 391 947 446 mittimus,
972 399 1019 436 et
1040 391 1284 450 collegium
1302 364 1448 437 totum
1466 392 1677 450 precibus
1693 406 1747 436 ac
1763 398 1925 449 patro—

279 470 397 513 cinio
434 471 488 513 R.
530 470 584 512 T.
626 468 857 512 humiliter
893 469 1281 514 commendamus.
1320 469 1554 524 Coloniae,
1589 485 1616 528 9
1647 468 1926 515 Novembris

287 547 413 601 1562.

1040 701 1167 742 ⁶2²8

755 787 800 823 P.
828 786 1070 834 JOANNES
1097 789 1168 824 DE
1192 788 1446 827 POLANCO

924 877 974 901 ex
999 866 1276 902 commissione

539 944 785 988 PATRI
837 945 1338 990 HIERONYMO
1392 945 1672 989 NADAL

737 1041 960 1079 'minam-1,
990 1042 1033 1069 10
1059 1043 1301 1071 NOVEMBmS
1330 1035 1421 1080 1562
1449 1037 1475 1070 ¹.

287 1110 378 1146 Non
395 1114 452 1146 est
468 1111 649 1158 epistola,
664 1112 733 1147 sed
746 1112 1027 1159 compendiosa
1041 1113 1237 1148 indicatio
1255 1124 1409 1155 rerum,
1425 1114 1473 1149 de
1491 1112 1633 1159 quibus
1649 1112 1705 1147 ad
1722 1111 1772 1146 P.
1791 1110 1936 1147 Nadal

359 1171 564 1213 scribitur,
584 1182 653 1213 sc.,
672 1172 720 1207 de
737 1170 824 1217 ejus
836 1171 1088 1219 profectione
1118 1172 1379 1215 Tridentum,
1398 1174 1446 1208 de
1462 1172 1646 1214 concilio,
1665 1172 1712 1207 de
1731 1170 1846 1207 libris
1869 1182 1933 1206 ac-

356 1231 490 1277 ceptis,
510 1231 558 1266 de
577 1231 711 1266 Paiva
727 1234 869 1266 contra
886 1230 1161 1267 Chemnitium
1174 1233 1391 1279 scripturo,
1407 1233 1454 1268 de
1469 1231 1617 1268 litteris
1629 1230 1862 1278 patentibus
1879 1230 1938 1266 le-

355 1292 566 1338 gatorum,
585 1291 632 1325 de
644 1290 897 1337 professione
914 1291 1088 1326 doctoris
1112 1291 1269 1334 Torres,
1289 1294 1359 1327 etc.

382 1399 553 1443 Eodem
575 1397 648 1443 die
669 1397 707 1441 si
730 1398 897 1455 replica
917 1399 975 1443 de
997 1413 1081 1443 sua
1102 1406 1272 1443 uenvta
1294 1399 1341 1442 in
1368 1414 1458 1455 qua
1480 1414 1505 1443 e
1527 1399 1693 1443 andata
1720 1398 1767 1441 in
1790 1397 1934 1443 Vien-

294 1491 369 1529 na,
395 1489 524 1520 come
544 1476 696 1520 l'altre
718 1476 864 1529 uolte,
889 1482 936 1519 et
957 1490 1007 1519 se
1029 1475 1060 1518 11
1081 1477 1232 1519 danno
1254 1491 1407 1520 nuoue
1429 1476 1503 1520 del
1524 1475 1741 1528 concilio,
1769 1482 1814 1520 et
1831 1474 1939 1518 delli

294 1552 398 1596 libri
420 1552 583 1610 gionti,
608 1559 654 1596 et
675 1553 733 1598 de
754 1554 942 1596 mandat
965 1552 1103 1609 quelli
1124 1552 1170 1596 di
1192 1554 1432 1611 Augusta,
1466 1560 1512 1597 et
1538 1553 1612 1597 del
1634 1552 1777 1597 Paiua
1805 1553 1821 1574 ²
1851 1553 1942 1595 che

298 1630 575 1686 respondera
596 1644 623 1673 a
644 1629 880 1674 Kemnizio
903 1631 918 1652 ³
947 1637 994 1674 et
1022 1631 1141 1675 della
1177 1631 1338 1675 lettera
1375 1638 1422 1674 et
1457 1637 1643 1687 patente
1679 1629 1784 1674 delli
1811 1630 1941 1686 lega-

300 1747 391 1778 actu
409 1742 595 1778 adhibere
612 1741 936 1778 consuevimus.»
955 1743 1150 1788 HANSEN,
1169 1744 1242 1778 loc.
1269 1742 1361 1789 cit.,
1387 1754 1477 1790 pag.
1502 1742 1587 1789 466,
1611 1743 1695 1788 467.
1722 1743 1771 1778 Et
1794 1754 1836 1778 re
1858 1741 1945 1789 qui-

302 1802 392 1837 dem
410 1813 518 1847 vera,
538 1801 631 1837 licet
648 1813 750 1837 anno
771 1809 861 1847 1557
881 1813 1015 1837 mense
1034 1802 1237 1838 Februarii
1255 1808 1443 1838 renovata
1461 1803 1591 1838 studia
1608 1802 1754 1838 fuerint
1771 1801 1812 1838 in
1829 1802 1946 1837 colle-

302 1862 369 1908 gio
387 1861 619 1908 coloniensi,
639 1867 683 1898 ut
699 1867 853 1897 constat
871 1874 920 1897 ex
938 1863 1278 1909 REIFFENSBERG,
1298 1864 1371 1898 loc.
1392 1862 1477 1909 cit.,
1497 1863 1565 1898 lib.
1587 1863 1660 1909 111,
1684 1854 1771 1909 cap.
1794 1871 1851 1908 111,
1875 1861 1943 1897 ubi

305 1922 403 1957 haec
426 1922 559 1957 habet:
589 1921 818 1957 «Publicum
844 1921 924 1967 jam
954 1921 1111 1956 demum
1141 1921 1273 1969 adepti
1303 1922 1583 1969 Gymnasium,
1615 1921 1768 1957 Ludum
1794 1920 1950 1968 aperui-

308 1992 394 2016 mus
412 1990 468 2016 xv
487 1982 574 2016 Kal.
594 1980 753 2016 Martias
769 1982 828 2025 (15
847 1982 980 2024 Febr.)
1004 1981 1118 2016 affixo
1148 1981 1188 2016 in
1218 1982 1437 2017 scholarum
1468 1981 1611 2018 vicinia
1639 1981 1951 2028 praelectionum

307 2040 573 2075 habendarum
590 2041 808 2086 catalogo»;
828 2045 999 2076 attamen
1017 2040 1276 2076 communiter
1301 2053 1383 2077 mos
1397 2041 1550 2077 ferebat
1569 2040 1610 2077 in
1624 2040 1858 2077 Germaniae
1871 2041 1953 2076 col-

308 2099 424 2146 legiis
443 2099 572 2135 studia
590 2099 651 2135 bis
669 2100 709 2135 in
726 2111 828 2135 anno
851 2112 1055 2146 renovare,
1080 2099 1250 2135 scilicet:
1284 2112 1418 2136 mense
1454 2100 1601 2148 Aprili,
1631 2100 1735 2136 circa
1763 2099 1868 2135 diem
1904 2098 1954 2134 23

311 2158 354 2194 S.
373 2159 545 2205 Georgio
563 2170 726 2203 sacram,
746 2164 786 2194 et
803 2171 938 2194 mense
953 2159 1167 2195 Novembri
1186 2160 1288 2195 circa
1301 2160 1405 2196 diem
1428 2169 1485 2205 11,
1507 2161 1552 2196 S.
1577 2160 1744 2196 Martino
1766 2159 1949 2195 dicatam.

311 2217 372 2254 Cf.
392 2219 639 2265 PACHTLER‚
658 2220 779 2254 Ratio
796 2220 1024 2255 studiorum
1044 2223 1080 2255 et
1099 2220 1230 2255 Instit.
1250 2221 1368 2256 schol.
1389 2221 1475 2257 Soc.
1485 2221 1521 2267 J
1523 2247 1548 2263 .,
1567 2221 1584 2255 I
1597 2249 1606 2267 ,
1628 2221 1708 2265 167.

385 2280 395 2300 ¹
446 2278 505 2313 Ex
523 2278 672 2324 Regest
692 2305 701 2322 ‚
725 2277 819 2313 Cod.
842 2288 898 2324 33,
920 2278 971 2324 c),
993 2278 1059 2314 fol.
1080 2278 1125 2324 35
1143 2280 1281 2315 v.—In
1296 2280 1484 2325 margine:
1505 2280 1579 2315 P!
1595 2279 1757 2315 Natale.

383 2339 397 2359 ²
448 2336 621 2372 Didacus
639 2337 688 2372 de
706 2336 826 2372 Paiva
844 2336 892 2372 de
913 2337 1109 2384 Andrada,
1129 2350 1245 2385 quem
1263 2339 1444 2375 HURTER
1456 2367 1465 2385 ,
1490 2338 1796 2374 Nomenclatore
1814 2339 1956 2374 litera—

312 2397 388 2439 rio,
408 2397 440 2441 1,
460 2405 506 2431 20
522 2395 777 2443 (Oeniponte,
800 2396 905 2442 1892)
920 2396 1192 2444 «hispanorum
1207 2397 1379 2434 omnium
1393 2398 1714 2434 celeberrimum»
1729 2397 1956 2443 theologiae

313 2457 528 2503 polemicae
545 2457 775 2504 scriptorem
794 2456 981 2503 nominat,
1001 2459 1075 2493 sub
1092 2458 1343 2505 hispanorum
1367 2458 1525 2494 nomine
1547 2459 1814 2505 complectens
1833 2456 1956 2493 etiam

313 2515 517 2552 lusitanos.
538 2517 599 2552 De
618 2516 702 2563 ejus
721 2517 821 2552 libro
837 2522 972 2552 contra
989 2516 1255 2553 Chemnitium
1274 2522 1314 2553 et
1331 2517 1380 2553 de
1401 2517 1528 2553 Patris
1543 2517 1667 2553 Nadal
1681 2528 1749 2564 pro
1763 2517 1830 2553 illo
1844 2516 1958 2552 ador—

314 2575 442 2612 nando
460 2575 750 2623 cooperatione,
771 2576 881 2622 plura
897 2577 1071 2622 reperies
1089 2576 1203 2622 infra,
1223 2576 1339 2624 epist.
1360 2577 1443 2623 226,
1463 2589 1530 2612 nn.
1551 2585 1627 2623 2·5,
1645 2588 1734 2612 cum
1749 2581 1882 2612 annot.

388 2636 403 2657 ³
452 2635 528 2671 Die
555 2644 598 2680 14
623 2635 867 2682 Septembris
897 2635 1012 2681 hujus
1043 2636 1149 2682 anni,
1181 2637 1372 2672 Polancus
1403 2648 1452 2672 ex
1477 2636 1754 2672 commissione
1779 2636 1877 2671 haec
1907 2634 1959 2670 ad

318 2696 363 2730 B.
382 2695 542 2730 Petrum
557 2694 759 2731 Canisium
777 2694 1036 2730 scribebat:...
1058 2697 1201 2732 «Molto
1225 2696 1470 2732 desideramo
1488 2696 1669 2732 intender
1695 2697 1833 2731 alcuna
1858 2706 1963 2730 noua

320 2755 382 2790 del
401 2755 467 2790 P.e
487 2755 617 2790 Natal.
638 2754 717 2801 Qui
734 2754 851 2790 credo
870 2754 904 2789 si
921 2755 1183 2792 mandaranno
1197 2757 1336 2791 alcune
1355 2757 1496 2791 lettere
1514 2767 1584 2803 per
1597 2755 1667 2801 lui,
1683 2766 1794 2791 come
1809 2754 1843 2790 si
1857 2766 1964 2789 man-

320 2814 441 2849 dorno
459 2815 556 2850 altre
574 2815 611 2850 la
629 2813 837 2850 settimana
855 2819 1023 2860 passata.
1044 2814 1095 2849 Di
1113 2816 1203 2862 quel
1223 2815 1323 2851 libro
1340 2816 1413 2851 che
1433 2815 1576 2852 scrisse
1600 2814 1805 2850 Kemnicio
1822 2816 1966 2850 contra
2037 2847 2042 2854 ,

313 2874 496 2920 jesuitas
513 2873 665 2920 pareria
681 2874 759 2909 ben
777 2885 799 2908 a
824 2873 873 2908 N.
900 2874 966 2908 P.e
987 2875 1117 2920 quello
1144 2875 1217 2910 che
1236 2875 1363 2910 scriue
1388 2876 1425 2910 la
1448 2875 1496 2910 R.
1522 2874 1572 2909 V.
1600 2874 1674 2909 che
1704 2874 1898 2920 qualcuno
1923 2871 1966 2907 di

322 2932 792 2980 fuoradellaCompagnia
805 2932 991 2979 pigliasse
1005 2939 1145 2980 questo
1158 2939 1365 2979 assumtto,
1381 2933 1539 2969 dandcili
1552 2933 1713 2979 ragione
1728 2932 1849 2980 quelli
1862 2931 1967 2976 della

324 2990 567 3039 Compagnia
589 2992 692 3028 delle
721 2991 915 3028 calumnie
938 2992 978 3027 di
1003 2995 1132 3039 quest'
1157 2994 1313 3029 huomo.
1339 2993 1391 3029 Se
1422 2994 1470 3028 V.
1497 2994 1545 3028 R.
1570 2991 1729 3028 hauessi
1757 2996 1904 3038 tempo,
1931 2990 1967 3026 si

323 3051 440 3087 crede
465 3051 616 3087 notaria
638 3053 759 3087 molto
782 3053 884 3087 bene
908 3051 935 3086 li
958 3052 1070 3098 punti
1094 3053 1326 3097 necessarii,
1346 3058 1386 3088 et
1403 3053 1526 3088 anche
1544 3051 1707 3101 farebbe
1725 3053 1763 3087 la
1779 3050 1966 3097 risposta3

323 3122 386 3146 ma
402 3122 471 3157 per
489 3111 648 3147 uederlo
667 3115 775 3147 tanto
793 3111 871 3146 ben
889 3116 1093 3158 occupato,
1112 3123 1189 3147 non
1209 3124 1251 3147 se
1269 3112 1296 3147 11
1314 3112 1362 3147 da
1380 3112 1521 3159 questo
1538 3122 1672 3158 peso.»
1691 3110 1750 3146 Ex
1773 3110 1940 3155 Regest.
1952 3137 1964 3155 ,
