2196 3522
257 256 330 302 456
829 255 968 290 EPIST.
994 254 1038 289 P.
1066 254 1338 291 NADAL—333

260 356 410 400 scrissi
433 354 613 398 l’ultimi
635 369 722 398 con
748 369 839 398 una
866 354 970 398 lista
996 361 1042 398 et
1062 354 1219 399 'indice
1246 355 1292 398 di
1321 355 1427 400 tutti
1455 356 1486 399 li
1515 356 1659 400 scritti
1680 356 1741 399 mi
1764 355 1898 402 diede

260 435 318 476 V.
345 435 418 476 R.:
451 431 596 488 potria
628 446 776 476 essere
808 433 894 474 che
926 431 1046 475 fosse
1077 438 1246 476 venuta
1275 431 1321 474 in
1353 447 1487 476 mano
1518 433 1563 476 di
1592 433 1756 489 quella,
1789 447 1895 490 per—

257 510 344 552 che
377 509 511 552 credo
543 510 627 552 che
660 507 984 565 ogninamente
1015 509 1058 551 la
1077 508 1221 559 ,lassai
1252 508 1298 551 in
1331 509 1587 553 Monachio.
1624 511 1728 554 Non
1765 510 1894 566 parlo

256 585 316 630 de
337 585 475 641 quelli
497 585 575 627 dui
597 585 808 629 essamini
824 585 971 642 primi,
992 585 1040 628 id
1056 589 1132 638 est,
1151 586 1366 642 generale
1382 592 1427 630 et
1444 585 1614 639 scritto,
1634 601 1707 629 ma
1723 586 1769 629 di
1786 586 1891 642 quei

257 664 317 707 de
338 662 514 717 rettori,
539 662 819 718 prouinciali,
849 662 1144 719 procuratori,
1176 662 1382 719 professi,
1407 662 1614 716 ministri,
1644 666 1685 706 et
1711 665 1753 707 si
1776 664 1893 721 quod

258 740 389 782 aliud
412 740 674 782 huiusmodi
700 740 727 782 ¹.
754 741 811 783 V.
839 741 892 783 R.
917 739 984 783 sia
1005 739 1256 796 supplicata
1275 738 1446 783 sarmeli
1463 741 1605 783 hauet
1621 735 1707 783 con
1725 739 1756 783 il
1773 747 1894 785 resto

259 817 378 861 della
407 818 501 871 14.ει
524 816 821 860 essortatione
843 832 922 873 per
944 817 1106 860 l'amor
1127 817 1200 860 del
1221 816 1404 874 Signor.

350 909 392 951 9.
459 894 645 949 Quanto
667 894 709 936 al
730 900 869 946 resto,
894 893 937 936 io
959 895 1018 936 ho
1041 894 1146 936 dato
1168 893 1387 950 principio
1410 895 1466 937 ad
1489 894 1722 950 esseguire
1745 895 1896 950 quello

259 972 352 1014 m'e
374 977 492 1015 stato
514 985 764 1015 commesso
786 978 831 1015 et
852 987 878 1014 a
899 977 1089 1015 mettere
1111 971 1303 1026 qualche
1337 971 1459 1014 buon
1487 971 1644 1015 ordine
1666 970 1711 1013 in
1735 978 1897 1026 questo

260 1047 473 1104 collegio,
499 1054 544 1092 et
566 1047 671 1104 pian
694 1047 827 1104 piano
856 1062 914 1091 uo
944 1047 1196 1092 facendomi
1224 1062 1390 1104 capace
1419 1047 1696 1100 dell'ufficio,
1721 1048 1896 1091 benche

263 1139 404 1180 penso
428 1127 610 1180 passara
642 1126 796 1167 l’anno
818 1124 960 1180 prima
987 1124 1107 1168 ch'io
1139 1124 1204 1168 sia
1235 1125 1308 1168 vel
1338 1107 1718 1169 mediocremente
1750 1138 1896 1168 esser-

262 1186 417 1245 citatoi
445 1203 595 1258 Prego
618 1203 674 1245 V.
702 1203 756 1244 R.
783 1203 882 1254 che,
908 1201 1078 1245 sicome
1099 1216 1185 1244 con
1203 1193 1332 1244 tanta'
1345 1200 1517 1244 charita
1539 1203 1661 1244 m’ha
1682 1200 1896 1244 instrutto

259 1286 308 1321 et
338 1278 509 1321 furnito
538 1279 594 1322 de
629 1279 771 1321 mezzi
798 1294 878 1335 per
911 1280 1000 1322 ben
1028 1277 1200 1323 seruire
1228 1279 1286 1322 N.
1319 1279 1367 1323 S.
1401 1285 1446 1322 et
1473 1279 1516 1321 la
1543 1292 1626 1321 sua
1654 1278 1897 1322 benedetta

262 1354 548 1411 Compagnia
569 1338 616 1397 iri
638 1370 758 1407 esso,
791 1356 884 1398 cosi
913 1354 974 1397 mi
1001 1355 1074 1398 dia
1104 1357 1248 1398 anche
1275 1363 1320 1398 et
1352 1354 1494 1398 faccia
1523 1354 1664 1398 sentir
1691 1369 1847 1411 spesso
1867 1354 1898 1396 il

265 1431 457 1476 sossidio
480 1432 525 1474 di
547 1447 632 1476 sue
651 1440 780 1476 sante
804 1432 1015 1485 orationi,
1046 1440 1092 1476 et
1119 1431 1395 1488 impetrarmi
1416 1431 1490 1475 dal
1518 1431 1686 1488 Signor
1708 1432 1750 1475 13
1771 1431 1897 1475 rino·

264 1508 450 1554 uatione
471 1509 589 1552 della
610 1509 699 1552 mia
722 1509 814 1552 vita
835 1524 922 1552 con
943 1510 986 1552 la
1006 1508 1290 1552 rinouatione
1310 1509 1413 1554 dell’
1440 1508 1590 1551 ufficio
1612 1508 1833 1561 riceuuto,
1853 1514 1900 1552 et

262 1585 412 1642 gratia
434 1586 479 1628 di
501 1600 651 1629 essere
673 1586 750 1642 pis]
773 1586 958 1629 solecito
980 1586 1026 1629 in
1049 1585 1282 1638 ubbedire‚
1308 1585 1386 1642 pisi
1408 1585 1577 1628 humile
1599 1585 1673 1630 nel
1690 1584 1895 1628 conosci-

264 1670 418 1706 mento
435 1662 479 1705 di
501 1678 589 1715 me,
615 1662 890 1706 chariteuole
911 1662 958 1705 in
980 1670 1246 1719 supportare
1266 1662 1297 1704 li
1319 1662 1492 1707 deffetti
1515 1661 1682 1715 d’altri,
1703 1661 1898 1706 discreto

262 1739 311 1783 in
339 1739 590 1792 medicarli,
626 1739 914 1796 magnanimo
942 1740 1017 1784 nel
1044 1754 1127 1782 suo
1155 1747 1285 1783 santo
1313 1738 1528 1795 seruigio‚
1562 1739 1768 1783 feruente
1791 1739 1896 1782 nell'

240 1856 242 1858 ,
262 1817 484 1871 oratione,
505 1816 703 1873 patiente
720 1818 837 1861 nelle
859 1816 1193 1870 contrarietadi‚
1214 1824 1259 1861 et
1276 1817 1536 1860 finalmente
1552 1815 1630 1872 pi&
1647 1815 1894 1872 resignato,

265 1894 411 1937 fedele
438 1901 483 1937 et
510 1900 686 1937 accetto
717 1908 851 1938 seruo
883 1908 966 1937 suo
998 1900 1128 1950 posto
1159 1907 1292 1949 sopra
1322 1893 1365 1937 la
1396 1908 1478 1937 sua
1512 1891 1722 1948 fameglia
1754 1898 1799 1935 et
1827 1891 1897 1934 vi·-

263 1970 437 2027 gilante
459 1971 510 2013 in
531 1971 777 2013 aduentum
806 1971 998 2013 Domini
1025 1971 1115 2013 Dei
1142 1971 1244 2013 mei.
1267 1971 1398 2013 Altro
1421 1985 1514 2012 non
1535 1969 1653 2012 dico.
1680 1971 1831 2026 Prego
1851 1974 1898 2012 et

265 2047 458 2103 pregaro
481 2048 537 2090 N.
566 2048 614 2091 S.
646 2047 719 2090 dia
747 2062 772 2090 a
801 2049 857 2091 V.
894 2049 945 2090 R.
979 2047 1024 2090 di
1056 2047 1271 2090 continuo
1304 2053 1552 2103 augmento
1580 2046 1637 2090 de
1668 2045 1767 2089 suoi
1791 2060 1897 2088 san-

266 2123 428 2166 tissimi
454 2123 582 2176 doni,
615 2131 661 2167 et
693 2125 875 2167 attenda
906 2124 964 2168 lei
995 2139 1073 2180 per
1100 2125 1259 2167 l’amor
1287 2124 1361 2168 del
1388 2122 1556 2179 Signor
1587 2138 1613 2165 a
1641 2122 1789 2178 quella
1817 2136 1900 2165 sua

264 2200 624 2257 indispositione,
650 2202 775 2244 accio
798 2209 923 2245 tanto
945 2201 1023 2257 piu
1045 2201 1118 2244 nel
1140 2200 1339 2257 seruigio
1361 2201 1434 2243 del
1456 2199 1624 2256 Signor
1645 2213 1778 2256 possa
1800 2198 1899 2242 aiu—

267 2277 395 2321 tarci.
421 2277 480 2321 Di
505 2277 672 2334 Parigi,
705 2278 778 2320 alli
807 2294 834 2336 9
861 2278 905 2321 di
932 2294 974 2336 9.
981 2279 1050 2313 bre
1085 2279 1210 2333 1563.
1242 2277 1300 2321 Di
1329 2279 1386 2321 V.
1420 2279 1474 2321 R.
1509 2290 1643 2320 seruo
1665 2275 1899 2333 indegnis-

266 2354 381 2398 simo
404 2355 451 2397 in
473 2356 558 2398 Χ.Ο
581 2356 638 2398 N.
665 2355 733 2408 S„

1183 2433 1428 2476 OLIUERIO
1461 2433 1717 2474 MANAREO.

358 2509 415 2550 In
438 2512 603 2564 quarta
617 2509 821 2565 pagina:
853 2509 881 2566 †
914 2510 973 2552 Al
1002 2510 1138 2552 molto
1166 2510 1281 2552 Rdo.
1316 2509 1362 2551 in
1394 2492 1478 2552 Xss⁰
1513 2507 1658 2550 Padre
1680 2507 1711 2549 il
1735 2508 1782 2549 P.
1809 2505 1901 2550 M.⁰

269 2585 432 2638 Nadal,
457 2585 766 2628 commissario
788 2587 1001 2642 generale
1032 2587 1150 2630 della
1178 2584 1460 2642 Compagnia
1490 2584 1535 2627 di
1564 2584 1723 2628 Giesu.
1751 2584 1800 2626 In
1822 2582 1902 2626 Di-

269 2660 409 2718 linga.
436 2662 542 2704 Alia
560 2663 864 2716 manu.1563
890 2662 1053 2719 Parigi.
1077 2665 1129 2706 P.
1153 2662 1373 2707 Oliuerio.
1399 2661 1488 2719 9di
1510 2676 1553 2719 9.
1560 2661 1629 2696 bre
1651 2660 1809 2718 Sigilli
1830 2673 1904 2702 ve-

268 2739 481 2795 stigium.

346 2907 355 2925 ¹
408 2905 508 2940 Vide
528 2905 645 2952 epist.
670 2903 754 2949 305,
775 2915 817 2939 n.
845 2912 880 2940 1.
