2196 3522
266 307 313 342 66
835 305 879 339 P.
907 303 1095 339 NATAus
1119 302 1340 338 EPHEMER.

267 406 418 464 potius
438 407 495 449 ad
518 405 761 462 collegium
783 405 912 449 daret
929 404 1106 457 domos,
1127 417 1263 459 quam
1285 404 1343 446 ad
1365 402 1485 447 aliud
1519 418 1633 460 opus
1658 403 1799 461 pium3
1824 420 1912 449 vo-

249 476 352 527 *luit
374 490 524 526 tamen
545 489 594 525 vt
616 482 727 525 illud
749 482 991 538 imperaret
1014 479 1126 524 Pius
1146 492 1191 534 4,
1217 481 1339 536 quod
1359 479 1611 538 {liberaliter
1639 481 1745 526 fecit
1775 482 1904 527 Pius.

270 563 426 616 Itaque
446 559 571 605 dedit
591 559 840 604 marchesia
869 558 980 602 122
1016 571 1175 602 omnes
1210 556 1309 601 illas
1344 558 1528 616 domus,
1554 557 1675 601 illam
1711 558 1904 604 insulam

271 637 483 694 collegio,
513 643 691 693 praeter
718 636 956 693 paruulam
983 635 1168 678 domum
1197 634 1389 690 trjtoris,
1420 634 1484 678 ita
1511 642 1663 678 tamen
1688 636 1829 690 dedit,
1856 644 1910 679 vtv

279 725 389 769 1500
417 725 458 760 Δ
488 713 678 771 (opinor)
701 727 904 758 essemus
925 711 1012 768 ipsi
1040 710 1338 766 numeraturi,
1369 718 1416 756 et
1443 712 1660 768 precium,
1692 727 1783 769 quo
1810 713 1911 770 ipsa

274 798 370 834 erat
391 805 472 847 per
491 805 540 834 se
571 790 852 834 conductura
892 790 1093 843 domum,
1125 788 1202 831 vbi
1236 788 1474 833 habitaret.
1515 789 1640 834 Illam
1668 789 1911 846 pecuniam

276 866 580 911 dissoluimus.
607 868 709 910 Hoc
730 866 931 923 precium
952 865 1109 922 paucis
1130 865 1261 910 annis
1282 865 1470 919 remisit3
1490 865 1735 911 liberaliter
1757 873 1913 911 autem

278 958 454 1000 semper
475 951 544 988 est
575 943 787 999 pollicjta‚
807 943 887 986 sed
905 943 999 987 fere
1029 941 1141 985 nihil
1158 942 1350 999 amplius
1372 942 1498 987 dedit
1514 944 1736 987 hactenus
1773 943 1916 989 colle-—

280 1021 373 1078 gio.
390 1020 650 1077 Agentibus
666 1019 836 1076 aliquot
852 1019 1171 1072 cardinalibus,
1187 1026 1233 1063 et
1250 1019 1368 1063 inter
1387 1019 1558 1076 primns
1575 1019 1777 1074 Sabello,
1800 1020 1911 1064 assi-

281 1097 441 1155 gnauit
462 1097 793 1153 eleemosynam
815 1096 1008 1154 collegio
1029 1095 1141 1141 Pius
1160 1107 1220 1151 50
1249 1106 1291 1142 Δ
1319 1096 1514 1153 singulis
1534 1097 1766 1141 mensibus
1792 1098 1821 1141 ¹.

369 1175 445 1218 Ad
465 1175 602 1219 finem
623 1173 730 1217 anni
766 1174 876 1229 1560
902 1173 1106 1218 decreuit
1136 1173 1314 1218 mittere
1347 1173 1705 1218 commissarium
1727 1175 1786 1218 ad
1805 1174 1919 1218 visi»

284 1252 467 1295 tandam
482 1251 739 1295 vniuersam
762 1250 943 1295 Societa
969 1250 976 1309 Ι
1005 1257 1095 1295 tem
1113 1251 1146 1304 ²,
1172 1251 1293 1306 quod
1315 1258 1450 1295 antea
1469 1250 1651 1306 quidem
1675 1258 1915 1305 statuerat,

284 1329 364 1373 sed
379 1329 586 1373 noluerat
602 1335 693 1371 tam
708 1327 797 1371 cito
815 1340 840 1371 2
858 1327 1121 1372 assistentes
1137 1328 1365 1384 ablegare.
1384 1329 1552 1372 Postea
1567 1343 1675 1372 vero
1691 1327 1923 1372 dificultas

284 1420 434 1450 rerum
454 1404 754 1461 hispaniensis
775 1404 1087 1462 [assistentiae]
1112 1404 1220 1448 fecit
1240 1412 1290 1448 vt
1310 1403 1494 1461 longius
1515 1403 1636 1448 illam
1659 1404 1919 1449 missionem

284 1497 376 1526 non
392 1481 590 1527 diferret:
616 1481 751 1525 simul
770 1481 960 1539 penuria
981 1481 1045 1525 rei
1067 1481 1355 1538 pecuniariae
1376 1483 1582 1538 vrgebat.

374 1560 482 1602 Erat
504 1561 557 1602 P.
582 1560 618 1602 F
621 1558 852 1602 ranciscus
873 1558 919 1601 in
943 1558 1164 1615 Hispania
1192 1558 1543 1612 commissarius,
1569 1559 1792 1603 Araozius
1814 1573 1924 1616 pro—

286 1635 491 1679 uincialis
526 1635 761 1691 Vtriusque
797 1636 1036 1679 Castellae.
1077 1635 1419 1693 Intelligebatur
1451 1635 1647 1679 Araozio
1678 1650 1770 1679 non
1801 1636 1923 1680 bene

289 1711 532 1755 conuenire
553 1726 658 1755 cum
681 1714 733 1755 P.
753 1713 790 1755 F
791 1711 1010 1769 rancisco,
1030 1713 1152 1768 quod
1168 1712 1256 1756 iam
1273 1727 1365 1755 non
1380 1713 1530 1756 solum
1547 1713 1605 1756 ad
1620 1719 1818 1766 nostr05,
1838 1713 1920 1756 sed

290 1789 348 1832 ad
367 1795 578 1833 externos
599 1796 961 1845 permanauerat,
986 1796 1122 1846 atque
1144 1790 1257 1833 123
1279 1790 1392 1834 adeo
1415 1790 1473 1833 ad
1488 1788 1677 1846 regiam.

378 1865 658 1909 Discesserat
679 1867 732 1909 P.
758 1866 1027 1909 Franciscus
1048 1866 1095 1909 in
1123 1866 1449 1924 Portugalliam
1478 1873 1581 1923 post
1607 1866 1920 1923 captiuitatem

291 1941 611 1999 archiepiscopi
633 1942 832 1986 toletani.
854 1943 1137 1987 Videbantur
1153 1943 1215 1986 illi
1231 1943 1396 1989 infensi
1413 1951 1460 1989 et
1475 1960 1553 1989 rex
1570 1951 1617 1988 et
1631 1944 1919 2001 hispalensis.

291 2019 480 2076 Scripsit
502 2027 652 2065 tamen
673 2019 835 2064 seriam
858 2020 1096 2076 epistolam
1119 2024 1171 2065 P.
1198 2024 1233 2065 F
1236 2022 1468 2066 ranciscus
1490 2023 1547 2065 ad
1563 2035 1735 2079 regem,
1756 2022 1928 2078 quibus

293 2088 484 2156 [litteris]
505 2111 638 2140 suum
666 2096 865 2140 animum
894 2099 1114 2153 probabat
1143 2098 1366 2155 Philippo,
1398 2106 1444 2142 et
1467 2100 1729 2153 excusabat,
1754 2098 1792 2142 si
1815 2098 1926 2154 quid

292 2171 488 2216 alienum
510 2173 566 2216 de
587 2187 636 2216 se
657 2172 732 2216 ille
754 2181 1040 2230 conceperat,

382 2248 520 2306 Regis
556 2249 745 2294 offensio
781 2256 879 2294 orta
914 2249 1149 2296 dicebatur
1186 2266 1242 2294 ex
1271 2251 1556 2295 matrimonio
1584 2251 1665 2296 M.i
1692 2253 1928 2296 Montesa-

294 2324 358 2379 ni‚
385 2332 492 2379 etc.*;
516 2326 782 2382 hispalensis
803 2341 860 2370 ex
877 2326 1180 2387 quibus[dam]
1202 2327 1547 2384 suspitionibus.
1584 2328 1806 2372 Araozius
1827 2328 1916 2372 exi‘

295 2401 562 2445 stimabatur
576 2402 776 2458 potuisse
803 2402 810 2460 Ι
837 2402 936 2446 illas
953 2403 1226 2449 offensiones
1234 2406 1543 2460 pacare3quod
1552 2420 1691 2461 quum
1700 2419 1792 2448 non
1800 2406 1922 2449 face-

297 2485 382 2532 ret,
406 2478 643 2522 videbatur
664 2493 849 2536 augere.
875 2480 1087 2525 Retinere
1108 2480 1346 2525 videbatur
1361 2481 1622 2525 memoriam
1639 2483 1761 2537 quod
1778 2482 1924 2526 fuerat

298 2556 536 2612 ablegatus
557 2571 583 2599 a
605 2557 658 2599 P.
684 2556 925 2600 Francisco
951 2556 998 2599 in
1027 2557 1322 2614 Aragoniam,
1347 2559 1469 2614 quod
1489 2559 1602 2603 dure
1624 2558 1923 2616 acciperetur,

298 2633 419 2687 quod
431 2632 774 2676 interdiceretur
789 2632 853 2676 illi
870 2635 1152 2678 consuetudo
1168 2634 1330 2688 aulica,
1352 2636 1473 2691 quod
1489 2635 1585 2692 ipse
1602 2643 1783 2692 gereret
1798 2650 1928 2679 suam

299 2709 594 2764 prouinciam,
619 2717 841 2766 occupato
867 2710 1158 2767 prouincialis
1186 2711 1347 2755 officio.
1381 2714 1585 2768 Vterque
1612 2713 1748 2757 dabat
1778 2713 1934 2756 literas

301 2786 358 2828 ad
394 2787 598 2840 Patrem;
639 2786 879 2830 videbatur
916 2788 1203 2832 necessarius
1240 2803 1339 2833 esse
1377 2789 1538 2845 aliquis
1574 2790 1690 2834 inter
1722 2790 1820 2833 illos
1856 2803 1932 2832 se-

302 2870 502 2916 quester,
527 2870 615 2906 etc.

375 3046 385 3065 ¹
437 3044 694 3091 SAccfflNth‚
713 3048 786 3082 loc.
805 3046 897 3093 cit.,
917 3047 983 3083 lib.
1004 3056 1059 3097 iv,
1079 3061 1144 3084 nn.
1167 3058 1201 3094 5,
1221 3050 1255 3085 6.

371 3107 386 3125 2
435 3105 532 3149 Ms.,
553 3105 843 3142 Societatatem.
