2196 3522
331 217 402 254 660
943 220 1085 256 Eprsr.
1117 220 1165 256 Ρ.
1198 219 1351 258 NADAL

328 334 510 362 oramus
533 334 668 376 quam
690 334 932 376 possumus
955 320 1352 366 uehementissime
1376 329 1426 365 ut
1446 323 1534 366 hoc
1552 322 1690 380 (quod
1710 329 1836 367 certo
1858 337 1964 381 spe·

329 393 481 421 ramus
504 386 548 423 et
571 380 877 436 expectamus)
901 383 1211 448 impetremus.
1236 381 1461 425 Dominus
1483 381 1694 426 Christus
1724 390 1964 426 conseruet

329 439 382 481 T.
410 439 466 481 D.
494 446 539 482 et
563 446 701 482 totam
730 441 848 482 hane
871 439 1164 488 Societatem
1177 439 1222 483 in
1251 441 1453 486 solamen
1480 448 1526 485 et
1551 442 1743 486 salutem
1773 441 1963 485 catholi-

326 511 404 539 cae
427 497 645 541 ecclesiae
672 512 951 554 praecamur,
978 500 1347 544 commendantes
1369 515 1452 544 nos
1474 500 1652 545 deuotis
1674 500 1837 544 vestris
1859 515 1963 545 ora-

328 556 541 599 tionibus.
569 557 758 611 Merani,
791 559 843 602 16
866 558 1132 602 Decembris
1161 560 1288 613 1564.

415 617 760 661 MADALENA.-
709 650 761 655 -
773 620 1094 662 MARGARETA.
1105 619 1492 663 :WARBARA.:
1504 620 1958 678 ELENA.=JOHANA.

413 735 453 777 A
478 737 620 792 tergo,
650 733 805 779 eadem
834 751 990 779 manu:
1020 736 1163 793 Copia
1194 736 1428 781 literarum
1459 737 1864 790 serenissimarum‚
1897 738 1965 782 la-

324 793 433 836 tina.
460 795 582 836 Alia:
611 796 737 849 1564
770 798 967 840 Merana.
994 798 1058 840 Le
1085 796 1251 852 cinque
1280 797 1454 853 regine,
1485 812 1512 840 a
1545 798 1597 841 16
1625 797 1670 839 di
1691 797 1962 850 Decembre,

325 852 530 910 figliuole
572 855 659 898 del’
705 854 947 911 imperator
990 857 1026 899 F
1029 855 1277 900 erdmando
1314 857 1360 899 d'
1400 856 1604 901 Austria.
1642 858 1702 899 Et
1738 857 1854 899 alia:
1891 857 1965 901 Ad

325 913 380 955 R.
411 915 462 956 P.
484 915 707 970 Jacobum
732 914 914 958 Lainez.

1076 1011 1223 1055 XLIV

815 1093 864 1127 Β.
903 1093 1138 1130 PETRUs
1177 1093 1468 1137 CANIans

861 1179 1002 1209 PATRI
1035 1179 1218 1219 JACOBO
1251 1179 1429 1210 LAINEZ

772 1248 1031 1304 Augustae,
1057 1249 1305 1307 6Januarii
1342 1250 1451 1305 1565
1491 1252 1520 1293 ¹.

409 1330 618 1366 Scribendi
635 1331 909 1367 ministerium
927 1333 1194 1367 commendat:
1214 1333 1373 1368 litteras
1390 1333 1562 1379 indicas,
1581 1333 1779 1380 dialogOS,
1799 1335 1873 1370 etc.

947 1380 1050 1427 typis
1067 1380 1209 1415 excudi
1227 1383 1356 1427 optat.
1374 1418 1377 1420 ,

460 1451 645 1494 Valde
676 1465 891 1507 rogamus
920 1458 969 1494 vt
1001 1459 1221 1508 urgeatur
1249 1452 1486 1508 negotium
1516 1451 1742 1496 scribendi
1779 1451 1963 1507 aliquid,

327 1508 476 1563 quod
466 1524 511 1552 1n
529 1509 695 1553 scholis
712 1509 913 1566 praelegi
936 1511 1093 1567 possit,
1120 1512 1178 1554 ob
1196 1511 1491 1568 multiplicem
1509 1511 1606 1556 eius
1623 1511 1688 1556 rei
1706 1511 1963 1556 utilitatem.

330 1567 546 1612 Miramur
567 1568 720 1613 literas
741 1569 914 1612 indicas
938 1570 1110 1613 tamdiu
1127 1570 1388 1615 desiderari.
1409 1570 1628 1638 Dialogos
1644 1570 1781 1614 etiam
1799 1573 1852 1614 P.
1873 1571 1959 1614 Na

329 1627 430 1671 talis
453 1642 543 1670 non
565 1628 698 1684 pauci
721 1636 941 1685 cuperent
970 1644 1162 1674 excusos
1191 1630 1369 1683 uidere,
1401 1630 1520 1674 sicut
1549 1638 1594 1674 et
1621 1629 1968 1674 commentarios

327 1688 386 1730 D.
413 1687 705 1731 Emanuelis
694 1703 741 1731 1n
764 1695 854 1731 tres
876 1689 1198 1746 euangelistas.
1226 1691 1398 1734 Verum
1425 1689 1676 1746 impediunt
1705 1688 1967 1746 occupatio-

328 1761 410 1790 nes
433 1747 545 1791 aliae
568 1748 773 1800 fortasse,
801 1755 850 1791 ut
872 1749 929 1791 ad
950 1750 1063 1793 haec
1085 1748 1235 1793 studia
1258 1764 1348 1792 non
1371 1750 1690 1803 descendatur,
1715 1763 1831 1805 quae
1848 1749 1966 1792 mul—

328 1813 425 1848 tum
450 1813 600 1851 tamen
621 1814 667 1850 et
688 1806 803 1850 lucis
831 1814 877 1851 et
905 1808 1191 1852 authoritatis
1219 1816 1264 1851 et
1297 1808 1403 1852 boni
1432 1808 1601 1865 publici
1629 1809 1859 1853 adferrent
1881 1822 1967 1851 no-

328 1872 448 1909 strae
473 1866 745 1911 Societati...

1090 2000 1217 2043 XLV

779 2080 1216 2118 STANISLAUS
1255 2081 1510 2119 HOSIUS

917 2152 1123 2188 cardinalis
1143 2153 1374 2189 varmiensis

866 2239 1006 2268 PATRI
1040 2239 1222 2278 JACOBO
1255 2240 1430 2270 LAINEZ

717 2307 1033 2364 Heilsbergae‚
1076 2322 1126 2352 10
1153 2309 1357 2366 Januarii
1395 2310 1503 2364 1565
1538 2311 1570 2352 ².

828 2388 1000 2439 Collegit
1018 2392 1302 2439 Brunsbergae
1320 2393 1459 2428 initia.

418 2461 530 2504 Rde.
560 2463 694 2504 Pater
716 2460 761 2503 in
791 2462 973 2505 Christo
1006 2463 1268 2507 charissime
1292 2472 1337 2508 et
1365 2464 1645 2508 honorande.
1679 2463 1767 2520 Egi
1794 2462 1965 2520 gratias

330 2526 462 2563 antea
486 2520 626 2564 Rdae.
655 2522 706 2563 P.
733 2521 791 2564 V.
816 2536 897 2577 pro
919 2537 1086 2566 nouem
1109 2524 1141 2575 ⁵,
1163 2537 1279 2578 quos
1301 2538 1327 2567 e
1349 2522 1579 2568 Societate
1601 2537 1683 2566 sua
1705 2522 1888 2567 miserat
1909 2523 1965 2566 ad

405 2674 415 2694 ¹
466 2673 524 2707 Ex
548 2675 778 2721 archetypo,
804 2675 843 2710 in
874 2676 1007 2722 Epist.
1047 2676 1220 2723 Canisii,
1251 2677 1396 2726 duplici
1426 2677 1494 2714 fol.
1508 2677 1616 2724 ,148
1649 2677 1722 2723 (51,
1753 2679 1832 2722 52).
1864 2675 1965 2712 Vide

330 2719 450 2788 ePiS2t
466 2703 965 2816 {ffzgasshgygg‚ai1>npeggd,
982 2725 1230 2819 {gldiipllcl
1257 2771 1348 2816 fol„
1372 2771 1457 2808 103.
1488 2772 1588 2808 Vide
1615 2772 1735 2819 epist.
1758 2770 1842 2817 313,
1861 2783 1902 2806 n.
1928 2769 1964 2814 83

331 2812 415 2859 314,
434 2826 476 2849 n.
504 2823 535 2859 Ι,
556 2815 638 2861 3413
660 2822 699 2852 et
717 2817 907 2863 append„
927 2819 1028 2854 XLI.
1050 2820 1151 2854 Item
1169 2820 1222 2855 cf.
1247 2820 1764 2865 ROSTOWSK1MART1NOV
1782 2818 1967 2854 Lituani-

329 2873 472 2896 carum
492 2863 699 2899 Societatis
708 2865 808 2911 Jesu
824 2866 1091 2901 historiarum
1110 2867 1206 2903 libri
1223 2869 1369 2913 decem,
1391 2876 1448 2911 11,
1468 2876 1507 2903 2.

403 2909 417 2929 ⁵
467 2910 704 2956 Rostowski,
730 2913 801 2947 loe.
828 2913 911 2959 cit.,
937 2913 1013 2948 duo
1037 2918 1188 2950 tanturn
1214 2926 1263 2949 ex
1292 2914 1353 2950 his
1384 2925 1526 2950 novem
1559 2913 1675 2950 sociis
1704 2912 1891 2957 nominat,
1906 2923 1962 2948 sc.

333 2954 664 3050 Christgphprum
683 2940 934 2995 S'trobellium
966 2966 1005 2996 et
1035 2961 1195 2997 Petrum
1230 2962 1353 2998 Phae.
1395 2961 1539 2998 Prioris
1575 2972 1740 2997 examen
1769 2961 1890 2996 habes
1926 2959 1967 2995 in

333 3013 463 3049 appen
