2196 3522
336 262 406 307 556
955 260 1098 295 EP1ST.
1130 259 1174 295 P.
1202 259 1354 297 NADAL

336 377 619 420 graecarum,
665 368 711 404 et
746 359 1085 416 disciplinarum
1127 361 1547 406 mathematicarum
1587 370 1633 406 et
1669 363 1963 408 medicarum.

336 424 379 465 6.
420 422 494 465 Ab
525 419 783 465 obedientia
819 420 875 462 ad
906 420 1189 462 doctoratum
1213 428 1448 475 promotus
1471 421 1550 465 fui.
1579 423 1745 481 [Magn]
1777 436 1812 466 Ι.
1839 425 1967 480 Lego

335 481 382 524 in
410 480 705 524 vniuersitate
733 486 943 535 quartum
977 479 1358 522 sententiarum...
1391 480 1620 536 Superiori
1657 489 1808 526 autem
1845 498 1965 527 anno

335 555 439 584 cum
479 540 572 584 fere
602 538 768 583 fuerint
805 538 850 580 in
879 537 1174 582 vniuersitate
1201 538 1445 582 lectionum
1483 539 1850 595 intermissiones,
1890 542 1964 586 hic

335 599 426 656 legi
450 610 555 642 Lam
583 606 756 654 partem
775 599 821 642 S.
845 599 1101 640 Thomae...
1125 610 1165 652 3.
1186 597 1444 654 Discipulos
1461 598 1660 655 quinque
1676 601 1838 654 habeo,
1859 615 1962 644 eos-

336 673 425 714 que
461 665 655 710 nostros,
691 672 793 700 cum
825 657 899 699 hic
930 657 1048 712 lego.
1085 658 1135 699 In
1166 656 1460 701 vniuersitate
1489 657 1560 701 his
1591 658 1752 703 diebus
1782 660 1962 704 videtur

334 732 453 761 Vnus
476 731 790 774 perseuerasse
812 716 857 758 in
879 716 1073 760 lectione
1100 716 1336 768 matutina,
1366 716 1476 761 alias
1504 718 1655 760 nullus
1685 725 1769 771 est,
1795 719 1872 775 qui
1903 719 1962 764 sit

335 777 590 821 ordinarius
612 777 808 829 auditor,
834 775 1096 818 nisi'socius
1123 790 1267 820 meus.
1299 774 1368 834 [11,
1400 775 1501 835 698]

431 849 471 879 1.
544 837 847 878 Hermannus
868 835 1067 877 Molitor.
1094 846 1136 877 2.
1163 837 1300 878 Putat
1321 850 1369 878 se
1391 851 1611 879 annorum
1635 848 1706 879 20.
1729 849 1770 891 3.
1792 838 1962 881 Treve-

336 895 480 940 rensis
517 894 709 938 diocesis
745 895 831 937 sub
868 893 1069 949 principe
1108 894 1393 950 Orangiae...
1441 907 1506 938 12.
1549 895 1718 940 Ultima
1760 896 1963 952 Augusti

335 970 455 999 anno
484 955 595 1009 1566
615 961 825 1010 receptus
847 960 916 997 est
939 952 1147 997 Treveris
1169 954 1399 1009 provincie
1422 954 1583 1008 Rheni3
1610 953 1753 998 nescit
1774 969 1831 998 an
1861 956 1964 999 fue-

334 1014 391 1057 rit
412 1013 744 1057 examinatus...
776 1026 841 1066 14.
869 1014 1027 1055 Non...
1054 1011 1317 1069 [Coadjutor
1346 1013 1635 1070 temporalis].
1672 1024 1736 1069 15.
1766 1015 1963 1059 Tantum

333 1073 379 1116 in
403 1072 601 1117 Treviris
622 1072 863 1115 habitavit:
883 1071 976 1128 [1V,
1010 1071 1106 1129 184]

431 1146 468 1176 1.
534 1133 730 1175 Hermes
752 1131 1016 1186 Halpawer.
1051 1143 1091 1174 2.
1125 1131 1284 1174 Annos
1316 1143 1387 1186 27.
1430 1145 1470 1187 3.
1511 1133 1768 1176 Germanus
1799 1132 1960 1177 Cerin-

334 1192 471 1244 thiae,
497 1191 651 1236 Sancti
674 1190 821 1235 Viti...
855 1203 920 1233 12.
948 1191 1086 1233 Anno
1116 1200 1170 1244 52
1200 1205 1225 1233 a
1253 1191 1366 1234 Rdo.
1400 1193 1454 1234 P.
1488 1190 1753 1247 prouinciali
1784 1191 1831 1234 in
1859 1193 1959 1235 Au-

334 1251 458 1304 stria,
483 1250 717 1294 viennensi
745 1249 952 1306 collegio,
983 1250 1063 1293 sed
1091 1251 1260 1294 Romae
1283 1249 1347 1292 fui
1375 1250 1711 1294 examinatus...
1749 1263 1815 1304 14.
1847 1251 1959 1296 Sum

333 1311 557 1354 sacerdos.
591 1320 657 1364 15.
684 1311 733 1352 In
755 1308 1018 1361 wiennensi,
1043 1323 1245 1364 posnano
1267 1315 1311 1352 et
1334 1309 1691 1365 ingolstadiensi.
1723 1310 1786 1353 16.
1817 1311 1959 1355 Exer—

333 1370 438 1413 citia
460 1368 709 1425 spiritualia
730 1368 816 1412 seci
839 1370 1023 1412 Romae.
1054 1368 1188 1424 [SclzJ.
1228 1381 1264 1411 1.
1297 1370 1339 1412 A
1371 1369 1536 1413 teneris
1564 1368 1694 1411 annis
1720 1369 1959 1413 humanio-

333 1429 474 1480 ribus,
488 1428 654 1481 latinis,
669 1435 714 1472 et
731 1427 921 1484 graecis,
942 1427 1278 1483 philosophicis,
1296 1428 1618 1485 theologicis...
1639 1429 1682 1471 6.
1702 1429 1813 1472 Sum
1831 1442 1960 1472 crea-

333 1496 407 1532 tus
429 1487 646 1545 magister
667 1486 930 1544 Ingolstadii
952 1486 997 1528 in
1021 1486 1193 1530 artibus
1221 1494 1267 1531 et
1293 1488 1620 1532 bachalaureus
1642 1486 1689 1530 in
1711 1488 1955 1545 theologia.

331 1548 401 1606 111,
428 1549 530 1605 694,
556 1547 674 1604 696]-

427 1620 463 1651 Ι.
530 1606 785 1649 Hernando
821 1606 873 1648 de
910 1607 1124 1648 Alcaraz.
1167 1617 1208 1648 2.
1251 1617 1306 1662 29
1343 1611 1456 1648 afios
1498 1620 1527 1661 y
1563 1605 1756 1661 algunos
1793 1620 1954 1650 meses.

333 1680 373 1721 3.
402 1668 472 1710 De
494 1665 680 1709 Castilla
700 1666 743 1707 la
764 1679 930 1717 nueua,
956 1664 1249 1720 arcobispado
1275 1665 1331 1708 de
1360 1665 1546 1717 Toledo,
1577 1665 1754 1708 natural
1783 1665 1839 1708 de
1869 1679 1958 1708 una

330 1726 459 1769 aldea
481 1740 569 1782 que
591 1739 640 1768 se
661 1725 793 1768 llama
816 1725 1116 1767 NaualanZ...
1149 1724 1214 1767 16.
1249 1724 1301 1767 El
1330 1738 1424 1767 mes
1447 1724 1503 1767 de
1525 1723 1655 1767 Abril
1677 1738 1765 1779 que
1781 1724 1912 1768 viene
1930 1729 1955 1768 a

329 1786 400 1828 105
429 1792 550 1828 116Ζ6
578 1785 675 1827 dias
702 1784 881 1839 cumplo
910 1790 1070 1838 quatro
1102 1789 1213 1826 afios
1245 1798 1301 1827 en
1339 1784 1382 1826 la
1413 1784 1716 1839 Compafn'a...
1754 1795 1825 1826 22.
1862 1784 1954 1826 To-

329 1846 465 1887 dos...
493 1856 563 1898 23.
590 1845 660 1887 De
688 1842 860 1886 asiento
888 1858 945 1886 en
974 1843 1132 1886 Alcala
1158 1857 1188 1897 y
1218 1842 1468 1896 Simancas;
1498 1857 1528 1899 y
1556 1857 1613 1886 en
1642 1842 1894 1886 Valladolid
1924 1858 1954 1898 y

330 1905 526 1960 Burgos,
553 1901 749 1954 Medina,
770 1892 920 1954 Auila,
942 1903 1116 1954 Ocana,
1138 1902 1324 1953 Toledo,
1345 1909 1432 1945 etc.
1453 1902 1510 1945 de
1525 1915 1671 1957 passo:
1692 1916 1748 1944 en
1767 1902 1953 1945 Cuenca

329 1970 462 2007 stuve
500 1961 702 2005 tambien
734 1962 927 2018 algunos
964 1976 1124 2013 meses,
1164 1976 1194 2016 y
1230 1975 1285 2004 en
1324 1962 1605 2013 Salamanca,
1640 1961 1789 2004 donde
1821 1968 1952 2017 estoy

329 2036 449 2074 aora,
475 2023 533 2065 h'e
556 2021 712 2066 estado
734 2025 829 2063 mas
850 2022 906 2063 (16
928 2020 1123 2063 assiento
1145 2035 1234 2076 que
1255 2035 1313 2064 en
1335 2021 1463 2063 todas
1484 2021 1551 2063 135
1572 2021 1726 2064 demas
1744 2026 1948 2075 partes...

329 2093 400 2138 29.
427 2082 470 2124 A
492 2081 558 2124 las
581 2079 730 2123 Indias
752 2086 891 2135 tengo
913 2079 981 2122 sin
1004 2079 1315 2135 comparacion
1338 2094 1494 2135 mayor
1515 2078 1782 2122 inclinacion
1811 2093 1900 2134 que
1926 2084 1953 2122 3

324 2148 422 2184 0113
445 2139 630 2183 mission
652 2138 872 2195 ninguna,
898 2154 927 2194 y
949 2146 1047 2181 esto
1069 2143 1095 2181 3
1116 2140 1182 2182 135
1204 2139 1260 2182 (16
1284 2139 1507 2195 Portugal
1527 2142 1555 2181 6
1577 2138 1740 2192 China,
1765 2145 1872 2190 etc.,
1892 2154 1953 2182 no

324 2214 406 2255 por
426 2207 524 2243 otra
547 2202 698 2252 razon,
723 2212 810 2253 que
834 2213 914 2254 por
936 2198 1146 2242 concebir
1169 2212 1256 2253 que
1279 2202 1388 2241 aura
1410 2199 1497 2240 3113
1517 2201 1615 2240 mas
1637 2197 1834 2253 trabajos
1862 2211 1951 2252 que

322 2273 380 2302 en
404 2266 503 2301 otra
525 2265 668 2314 parte3
693 2272 722 2313 y
744 2261 830 2300 assi
854 2271 960 2301 creo
984 2271 1087 2312 que,
1113 2257 1416 2301 entendiendo
1439 2271 1528 2312 que
1550 2257 1617 2299 105
1645 2259 1770 2299 auria
1792 2271 1948 2312 mayo—

322 2331 393 2360 res
416 2333 474 2362 en
495 2324 609 2369 otra,
635 2331 707 2361 me
728 2315 960 2359 inclinaria
982 2321 1078 2359 mas
1098 2320 1124 2359 3
1146 2317 1247 2369 6113;
1272 2317 1328 2359 de
1351 2317 1393 2359 10
1416 2330 1505 2371 que
1535 2331 1591 2371 ay
1619 2315 1864 2371 particular
1890 2330 1948 2359 en

321 2383 434 2429 esto,
460 2377 567 2419 dare
590 2382 757 2432 quenta
779 2376 959 2430 quando
981 2390 1029 2419 se
1051 2390 1122 2418 me
1140 2375 1256 2430 pida.
1280 2376 1485 2419 Alcaraz.
1506 2373 1699 2433 [Sclz.]...
1721 2375 1764 2417 6.
1785 2376 1946 2431 Tengo

320 2437 361 2480 61
382 2436 439 2480 (16
461 2442 656 2479 maestro
678 2449 735 2478 en
756 2442 875 2478 artes
898 2450 926 2489 y
947 2435 1003 2478 de
1025 2434 1240 2478 bachiller
1261 2449 1318 2477 en
1344 2435 1583 2490 theologia.
1610 2433 1679 2491 [II,
1706 2433 1807 2492 635]

414 2508 450 2538 1.
516 2495 824 2550 Hieronymus
870 2495 1052 2536 Torres‘.
1097 2506 1138 2536 2.
1180 2493 1371 2537 Circiter
1408 2492 1593 2550 triginta
1629 2500 1674 2536 et
1703 2507 1843 2535 vnum
1871 2493 1944 2536 vel

317 2554 449 2596 duos.
485 2567 525 2608 3.
558 2553 790 2609 Hispanus
820 2552 889 2606 4⁰
921 2552 1109 2596 miliario
1140 2553 1196 2595 ab
1231 2553 1342 2595 vrbe
1380 2551 1701 2603 tarraconensi,
1732 2551 1818 2595 sub
1847 2551 1944 2596 eius

316 2612 526 2657 dioecesi.
560 2625 626 2655 12.
654 2614 767 2656 Fere
789 2619 892 2654 ante
909 2612 1116 2655 vndecim
1135 2626 1278 2655 annos
1295 2611 1531 2656 Valentiae
1548 2627 1574 2655 a
1593 2613 1645 2654 P.
1667 2610 1945 2666 Hieronymo

315 2673 595 2723 Domenech,
623 2678 796 2715 rectore
820 2678 928 2713 tunc
951 2670 1146 2727 collegii,
1167 2677 1213 2715 et
1230 2670 1382 2713 statim
1401 2670 1565 2713 missus
1582 2685 1681 2713 sum
1699 2670 1941 2714 Gandiam:

314 2730 376 2773 ibi
400 2746 555 2786 parum
579 2730 624 2773 in
646 2729 804 2773 officiis
825 2730 1086 2773 humilibus:
1112 2737 1158 2773 et
1178 2730 1435 2774 dicentibus
1458 2729 1567 2771 mihi
1590 2744 1648 2772 an
1667 2728 1828 2772 fuerim
1846 2743 1942 2772 mo-

314 2792 503 2841 nachus,
529 2789 755 2845 respondi,
782 2796 831 2831 ut
854 2803 925 2831 res
948 2795 1058 2840 erat,
1084 2804 1157 2833 me
1178 2803 1268 2831 non
1292 2788 1454 2833 fuisse:
1487 2788 1595 2832 alias
1624 2788 1945 2844 interrogatio—

312 2863 395 2892 nes
424 2863 515 2891 non
546 2849 765 2893 fecerunt.
813 2861 879 2901 14.
912 2849 1186 2893 Sacerdos...
1226 2858 1292 2902 15.
1325 2849 1375 2890 In
1407 2847 1600 2903 collegio
1628 2846 1865 2903 gandiensi
1895 2845 1942 2888 in

312 2907 535 2963 Hispania
557 2914 602 2952 et
624 2921 822 2951 romano:
849 2907 895 2950 in
918 2907 1100 2962 reliquis
1121 2913 1172 2949 ut
1194 2906 1352 2950 viator.
1372 2906 1478 2950 Feci
1501 2906 1714 2951 exercitia
1730 2905 1941 2962 spiritua—

310 2966 368 3009 lia
391 2974 496 3011 ante
518 2966 774 3023 ingressum
796 2965 842 3008 in
863 2966 1154 3019 Societatem3
1179 2973 1336 3022 postea
1357 2980 1659 3021 numquam...
1702 2965 1767 3008 16.
1805 2965 1938 3007 Post-
1978 2968 1983 2974 '

309 3039 443 3080 quam
467 3025 531 3068 fui
553 3025 598 3068 in
622 3025 847 3070 Societate
864 3032 1085 3078 versatus,
1107 3026 1200 3069 fere
1217 3031 1311 3068 toto
1329 3031 1530 3082 ternpore
1551 3039 1651 3067 sum
1671 3022 1718 3066 in
1734 3023 1938 3066 docenda
