2196 3522
321 289 391 327 294
878 280 1020 314 ΕΡῙ5Τ.
1052 278 1097 314 P.
1125 278 1395 325 Nauem-277

321 385 377 426 da
404 382 544 425 molto
573 379 846 424 testimonio.
883 380 967 424 C’e
1000 393 1086 436 pur
1115 386 1243 435 paete
1274 379 1471 424 tuttauia
1496 379 1543 424 in
1566 379 1770 437 P-ariggi‚
1802 386 1869 432 et,
1900 394 1951 424 se

323 459 471 514 quella
492 472 583 500 non
604 458 648 500 lo
675 456 924 513 empedira,
949 455 980 498 il
1008 457 1119 500 Μ.Υο
1149 457 1358 500 Emundo
1388 457 1556 500 andara
1581 455 1628 499 in
1658 456 1847 514 Pariggi
1868 470 1954 514 per

323 534 540 591 predicar.
567 535 628 579 Se
650 548 744 577 non
767 535 894 590 potra
916 547 994 589 per
1021 533 1186 588 quella,
1221 547 1271 578 se
1301 546 1360 576 ne
1391 535 1522 578 uerra
1549 547 1576 576 a
1597 532 1728 586 Lion,
1750 534 1794 576 la
1815 534 1953 590 quale

321 612 407 655 alla
433 611 641 668 giornata
666 617 797 654 staua
833 624 912 666 per
947 609 1148 654 rendersi
1184 610 1227 653 al
1262 625 1312 655 re
1331 642 1342 663 ,
1381 610 1556 654 benche
1591 624 1681 653 non
1718 611 1744 653 6
1775 617 1947 653 uenuta

318 702 471 731 nuoua
494 688 633 731 ferma
653 689 738 731 che
758 686 824 731 sia
845 702 958 731 resa.

406 765 450 808 6.
513 766 584 808 De
616 765 780 808 Tolosa
813 771 858 809 et
891 765 1043 808 Rodez
1070 778 1162 807 non
1192 763 1436 807 habbiamo
1462 765 1633 808 hauute
1664 764 1844 818 lettere;
1874 778 1950 807 ma

319 856 426 898 pare
441 841 479 885 si
501 843 592 899 puo
613 841 829 898 colligere
851 844 936 885 che
954 840 1119 884 uadino
1140 842 1183 885 le
1203 855 1310 885 cose
1332 842 1470 884 molto
1486 841 1618 894 bene,
1638 847 1685 885 et
1701 840 1948 886 ricercamo

319 932 406 962 con
427 917 642 962 instantia
663 925 816 975 gente,
841 918 1034 963 dicendo
1057 920 1140 962 che
1162 932 1254 961 non
1277 919 1326 962 fu
1347 917 1435 961 mai
1457 918 1500 961 la
1520 917 1808 974 Compagnia
1825 923 1953 962 tanto

322 994 575 1040 necessaria
595 996 652 1038 ne
674 1002 800 1039 tanto
822 995 1000 1038 stimata
1022 1001 1066 1038 et
1088 994 1340 1039 desiderata
1361 994 1408 1037 in
1429 994 1535 1050 quel
1563 1008 1720 1051 regno.

414 1083 456 1126 7.
520 1072 555 1115 Il
576 1073 729 1129 legato
751 1074 787 1115 F
789 1087 939 1116 errata
960 1071 1036 1128 gia
1056 1073 1081 1115 e
1104 1071 1322 1115 ritornato
1343 1071 1390 1114 in
1411 1071 1552 1124 Italia,
1576 1078 1622 1115 et
1641 1087 1668 1115 a
1689 1072 1951 1127 quest’hora

324 1150 439 1193 deue
467 1163 588 1193 esser
615 1149 660 1191 in
693 1150 729 1192 F
732 1164 895 1201 errara,
930 1150 1051 1193 doue
1078 1149 1232 1192 l'ando
1260 1164 1286 1192 a
1311 1148 1469 1192 uisitar
1496 1147 1527 1191 il
1554 1147 1754 1191 cardinal
1784 1147 1830 1190 di
1858 1148 1949 1192 Do—

323 1241 445 1270 rena.
471 1226 505 1269 Il
527 1226 676 1269 duche
698 1227 754 1269 de
776 1227 972 1270 Nemurs
990 1240 1066 1270 era
1082 1226 1335 1278 auelenato,
1356 1239 1484 1269 come
1500 1225 1793 1277 intendiamo,
1814 1232 1859 1269 et
1876 1224 1947 1267 ui-

321 1302 425 1346 cino
453 1303 541 1347 alla
567 1309 732 1357 morte3
768 1309 814 1346 et
843 1302 1130 1346 mandandoli
1157 1301 1199 1345 il¹
1225 1303 1378 1359 legato
1406 1305 1469 1347 M.
1507 1301 1757 1354 Vincenzo,
1792 1308 1952 1345 nostro-

325 1379 486 1432 amico,
506 1379 552 1422 in
574 1380 709 1436 pochi
730 1379 876 1436 giomi
898 1379 935 1422 si
957 1381 983 1423 e
1005 1379 1232 1434 rihauut03
1252 1378 1340 1423 Dio
1357 1380 1555 1423 laudato.
1576 1380 1665 1422 Era
1680 1378 1859 1435 capitan
1875 1379 1952 1424 del

322 1456 541 1502 essercito
562 1456 784 1500 catholico
806 1471 937 1512 sopra
958 1456 1090 1500 Lion.

412 1534 454 1577 8.
519 1534 606 1578 Del
633 1533 826 1590 collegio
851 1540 1008 1577 nostro
1036 1548 1222 1577 romano
1249 1547 1341 1577 non
1368 1532 1609 1576 habbiamo
1641 1533 1803 1576 alcuna
1831 1546 1951 1576 noua

324 1612 409 1654 che
440 1610 506 1654 sia
535 1611 593 1655 de
621 1611 748 1655 farne
774 1618 921 1654 conto.
952 1610 1164 1655 Fernesio
1194 1610 1296 1655 dize
1321 1612 1407 1655 che
1436 1609 1541 1653 uuol
1571 1610 1652 1653 dar
1681 1623 1771 1653 una
1802 1610 1951 1652 buona

325 1701 428 1731 casa
450 1694 495 1731 et
518 1701 604 1744 300
624 1687 777 1732 ducati
798 1688 855 1731 de
877 1688 1040 1731 intrata
1063 1703 1141 1743 per
1163 1686 1348 1731 Auinon
1374 1687 1403 1730 ¹.
1429 1688 1532 1731 Non
1570 1701 1621 1730 so
1650 1701 1699 1730 se
1720 1686 1767 1729 in
1789 1693 1951 1742 questo

322 1779 371 1809 se
392 1763 610 1808 risoluera
633 1765 677 1808 la
699 1764 940 1808 fundacion
964 1765 1035 1809 del
1058 1765 1251 1822 collegio
1271 1778 1474 1808 romano.

410 1855 453 1898 9.
518 1843 589 1886 De
610 1842 761 1898 Spafia
782 1843 873 1884 nori
896 1840 1135 1884 habbiamo
1157 1842 1317 1885 lettere
1338 1841 1412 1885 del
1432 1841 1584 1884 dottor
1615 1842 1781 1893 AraOZ,
1806 1854 1948 1883 senon

321 1918 378 1960 (16
406 1930 458 1962 Io
479 1917 526 1960 di
552 1917 758 1971 Febraio‚
790 1925 835 1961 et
867 1918 907 1961 ci
938 1933 1050 1961 sono
1082 1918 1221 1962 molte
1251 1919 1309 1963 de
1340 1919 1494 1962 Marzo
1521 1924 1567 1962 et
1592 1916 1740 1960 insino
1769 1933 1795 1960 a
1824 1927 1877 1972 25
1901 1916 1947 1959 d’

320 1994 478 2051 Aprile
499 1994 545 2038 in
567 1996 752 2038 Trento.
778 1996 842 2038 Le
864 2010 968 2040 cose
990 1995 1034 2038 di
1057 1995 1205 2051 quelle
1227 1994 1462 2052 prouinoie
1483 2009 1563 2051 per
1584 1994 1688 2051 quel
1710 1995 1794 2038 che
1812 2008 1861 2037 se
1878 1993 1950 2036 in—

322 2072 457 2115 tende
480 2086 630 2116 uanno
651 2073 782 2116 bene.
810 2074 915 2115 Non
944 2086 1130 2117 occorre
1157 2073 1271 2115 altro
1299 2086 1439 2116 senon
1462 2070 1824 2115 raccomandarci
1854 2077 1942 2114 etc.

322 2147 381 2192 Di
404 2149 591 2201 Tremo,
618 2158 672 2203 25
695 2147 741 2190 di
763 2149 965 2205 Maggio.

410 2225 471 2270 Se
507 2226 565 2269 V.
608 2226 661 2269 R.
703 2239 753 2268 se
780 2225 972 2269 trouassi
1000 2226 1045 2269 in
1075 2227 1241 2283 Praga,
1272 2226 1492 2282 potrebbe
1528 2224 1624 2268 dire
1661 2224 1703 2267 al
1740 2230 1879 2267 rettor
1905 2223 1951 2267 di

321 2303 471 2358 quella
492 2303 507 2324 ²
530 2304 616 2345 che
637 2308 800 2346 stanno
821 2303 1037 2359 comprati
1062 2303 1200 2346 molto
1224 2303 1268 2346 fa
1288 2301 1319 2345 li
1340 2301 1442 2346 libri
1458 2289 1630 2346 che-lui
1650 2301 1952 2345 raccomando

321 2380 363 2422 al
384 2385 525 2422 rettor
544 2378 591 2421 di
612 2378 819 2423 Venetia.
855 2380 952 2422 Che
984 2379 1158 2423 auisino
1189 2394 1269 2436 per
1290 2380 1398 2435 qual
1428 2378 1503 2423 uia
1536 2378 1749 2436 uogliano
1771 2378 1801 2421 li
1823 2377 1951 2422 siano

323 2455 538 2510 mandati,
563 2462 608 2499 et
629 2457 774 2499 anche
794 2456 1054 2511 prouedano
1077 2455 1182 2499 delli
1204 2455 1374 2500 denari.

395 2595 406 2615 ¹
457 2593 517 2628 De
542 2590 816 2628 avenionensis
842 2591 997 2637 collegii
1024 2591 1146 2628 initiis
1171 2591 1456 2635 cf.P01.ANco‚
1475 2591 1640 2634 Chron„
1656 2591 1705 2635 V,
1721 2590 1786 2635 351
1811 2596 1851 2626 et
1868 2589 1952 2635 3583

324 2652 538 2697 CHOSSAT‚
556 2651 598 2688 S.
617 2652 671 2697 J.‚
690 2651 761 2686 Les
778 2649 946 2696 jesuites
963 2653 1000 2686 et
1024 2651 1132 2686 leurs
1158 2662 1312 2687 aeuvres
1328 2651 1354 2686 ὰ
1372 2651 1586 2699 Avignon,·
1604 2656 1644 2686 et
1668 2651 1799 2696 PRAT,
1823 2650 1866 2685 S.
1890 2650 1930 2696 J.
1943 2675 1954 2693 ,

321 2711 556 2747 Recherches
570 2710 808 2756 historiques
823 2712 860 2744 et
877 2710 1065 2755 critiques
1086 2721 1159 2745 sur
1181 2710 1223 2745 la
1253 2709 1500 2758 Compagnie
1524 2711 1571 2746 de
1581 2710 1702 2757 stus
1719 2721 1766 2745 en
1785 2708 1955 2749 France,

325 2771 374 2814 V,
393 2770 453 2815 85,
472 2769 539 2805 ubi
556 2769 746 2816 reperitur
764 2768 927 2815 epistola
945 2768 1149 2804 cardinalis
1169 2768 1381 2804 Alexandri
1405 2769 1581 2805 Farnesii
1605 2769 1653 2804 ad
1677 2768 1955 2814 vice-legatum

322 2828 642 2874 avenionensem,
663 2836 707 2863 10
722 2826 815 2873 Julii
837 2826 925 2871 1563
943 2827 1045 2871 data,
1065 2826 1104 2863 in
1121 2839 1197 2875 qua
1214 2839 1282 2875 pro
1299 2828 1455 2874 collegii
1473 2827 1758 2864 sustentatione
1771 2826 1956 2862 ducento-

323 2900 408 2924 rum
426 2893 666 2924 scutatorum
683 2885 909 2934 pensionem
927 2898 1093 2922 annuam
1112 2887 1300 2934 assignat,
1319 2888 1470 2935 aliaque
1494 2887 1668 2924 subsidia
1691 2887 1731 2923 in
1757 2890 1956 2934 posterum

326 2947 534 2995 promittit.
1489 2947 1493 2950 ’

398 3009 412 3029 ²
462 3007 511 3043 P.
534 3005 728 3042 Henricus
745 3003 991 3042 Blissemius.
