2196 3522
938 238 1160 275 Appianum
1793 236 1864 282 553

226 357 311 386 nos
333 347 378 384 et
399 352 428 395 4
454 354 650 392 menses,
683 340 942 397 theologiae
973 353 998 394 3
1027 354 1207 386 menses
1228 340 1510 398 Ingolstadii,
1536 342 1710 385 Romae
1732 352 1757 383 2
1780 354 1863 383 an·
1864 372 1868 375 .

227 416 330 446 nos.
363 399 434 458 [11,
457 399 561 454 482,
586 399 689 457 483]

325 473 361 503 Ι.
427 460 578 502 Vocor
604 459 835 516 Georgius
856 458 1125 501 Sclwritius.
1153 471 1194 501 2.
1217 436 1436 502 Existimo
1454 474 1526 503 me
1542 471 1599 516 29
1614 457 1867 502 absoluisse

231 533 417 563 annum.
447 531 488 572 3.
514 518 771 561 Germanus
793 524 839 561 et
860 516 1113 560 austriacus
1134 532 1251 560 sum.
1272 518 1510 562 Neminem
1529 533 1586 562 ex
1601 517 1867 575 parentibus

231 579 379 622 habeo
400 576 705 633 superstitem.
732 577 773 620 6.
803 578 987 619 Praeter
1011 575 1195 619 unicum
1225 578 1423 630 fratrem,
1449 577 1676 622 neminem
1698 577 1863 621 habeo:

231 638 270 682 is
292 637 376 681 fuit
393 636 636 692 aliquando
652 651 709 679 ex
726 635 955 680 Societate
970 642 1140 678 nostra.
1162 646 1204 690 7.
1224 637 1483 692 Antequam
1502 636 1736 692 ingressus
1752 635 1865 678 fuis-

232 712 328 742 sem
352 695 642 748 Societatem,
674 695 914 750 aliquando
942 694 1091 738 sercui
1119 697 1127 716 ¹
1162 702 1478 748 mercaturam,
1510 696 1620 739 alias
1646 694 1867 740 inseruiui

232 757 278 800 in
300 757 403 800 aula
424 754 670 807 nobilibus,
695 754 804 797 alias
819 759 1005 797 secutus
1025 768 1126 796 sum
1144 753 1425 810 disciplinam
1442 754 1696 806 militarem,
1716 762 1762 798 et
1778 756 1867 797 hoc

231 815 275 858 in
302 814 507 866 Polonia,
533 813 765 865 Bohemia‚
790 812 1010 865 Morauia,
1036 812 1255 869 Ungaria,
1282 813 1425 866 Italia,
1450 821 1538 858 etc.
1571 822 1637 857 12'.
1672 816 1790 856 Puto
1808 815 1867 856 ab

234 874 444 918 undecim
467 872 597 916 annis
624 887 697 916 me
724 872 812 916 iam
844 886 945 915 esse
972 870 1019 914 in
1045 871 1289 925 SoCietate,
1322 880 1368 917 et
1389 873 1535 929 primo
1567 880 1778 929 receptus
1801 872 1866 915 fui

233 936 377 978 Roma
398 934 456 976 ab
483 931 581 988 ipso
604 933 740 975 Patre
767 930 960 987 Ignatio,
991 937 1037 974 et
1059 930 1128 973 fui>
1151 931 1435 975 examinatus
1460 947 1486 975 a
1516 934 1651 976 Patre
1671 934 1862 976 Petro...

240 1006 306 1047 14.
334 994 444 1045 Sum
469 991 679 1034 sacerdos
700 1005 727 1034 a
748 991 962 1046 paschate
982 991 1073 1033 huc
1096 1003 1251 1046 usque.
1283 1001 1350 1045 15.
1382 991 1468 1034 Fui
1490 994 1742 1043 Messanae,
1776 993 1866 1033 Pa-

234 1051 380 1095 normi
401 1058 447 1094 et
467 1051 514 1092 in
536 1048 862 1106 Monte-regio,
888 1048 1094 1105 Neapoli,
1114 1050 1283 1094 Romae
1300 1050 1347 1092 in
1369 1050 1563 1107 collegio
1584 1050 1864 1107 germanico,

236 1109 516 1168 Ingolstadii,
555 1107 798 1162 Monachii,
837 1114 883 1151 et
921 1109 1012 1151 fere
1048 1108 1198 1151 omnia
1234 1109 1426 1166 collegia
1461 1109 1508 1152 in
1536 1110 1665 1153 Italia
1711 1109 1863 1152 inuisi.

244 1172 310 1215 16.
337 1171 526 1220 Omnes,
551 1167 743 1212 diuersis
764 1174 917 1212 tamen
942 1166 989 1210 in
1026 1167 1151 1220 locis,
1177 1168 1465 1224 probationes
1486 1168 1696 1214 exercui(
1723 1180 1789 1223 17.
1817 1170 1867 1211 In

238 1229 465 1276 Societate
483 1227 547 1270 fui
567 1227 812 1283 subcoqus‚
844 1225 1184 1279 credentiarius,
1204 1227 1423 1281 minister,
1443 1228 1736 1272 subminister
1753 1236 1798 1272 et
1822 1228 1868 1271 in

237 1289 335 1333 aliis
356 1286 580 1332 exercitiis
602 1285 667 1330 fui
688 1285 1162 1342 probatus.1nseruiui
1182 1286 1469 1343 pauperibus:
1495 1287 1605 1331 alias
1624 1287 1688 1330 fui
1706 1301 1867 1343 super-

237 1348 477 1392 intendens
498 1360 634 1402 super
655 1344 774 1388 mille
784 1359 1012 1412 pauperes
1033 1359 1126 1412 per·
1129 1359 1209 1388 sex
1231 1360 1410 1390 menses
1427 1354 1630 1403 tempore
1647 1347 1831 1403 Vegae
1821 1362 1868 1390 m

238 1407 444 1453 Sicilia...
474 1406 540 1449 18.
566 1406 685 1449 Vota
706 1403 834 1447 emisi
856 1410 959 1460 post
989 1405 1031 1447 6.
1038 1396 1126 1439 um·
1132 1419 1332 1449 mensem
1362 1407 1533 1449 Romae
1558 1415 1664 1450 ante
1694 1408 1746 1449 Ρ.
1776 1408 1867 1449 Ρο-

237 1463 598 1523 1ancum.[Sclz.]
627 1476 663 1507 1.
691 1465 779 1507 Per
800 1475 828 1518 4
849 1477 992 1506 annos
1013 1462 1060 1505 in
1081 1464 1429 1508 humanioribus
1457 1465 1598 1510 literis
1625 1465 1728 1508 dedi
1757 1477 1867 1521 ope—

237 1540 349 1578 ram,
374 1532 530 1591 postea
555 1521 693 1566 docui
720 1537 884 1579 pueros
911 1522 1251 1579 grammaticam
1282 1538 1360 1579 per
1390 1538 1414 1579 3
1443 1539 1620 1568 annos..
1631 1525 1716 1567 ..6
1747 1526 1862 1568 Gra-

238 1587 347 1628 dum
370 1581 617 1639 magisterii
638 1588 875 1626 assecutus
895 1596 996 1625 sum
1019 1582 1104 1625 sub
1121 1582 1306 1627 doctore
1324 1584 1528 1626 Tolledo.
1551 1583 1622 1641 [II,
1642 1585 1745 1638 484,
1765 1584 1869 1641 485]

334 1656 370 1687 1.
442 1641 713 1686 Gerlzardus
736 1642 907 1684 Iseren.
935 1653 976 1684 2.
1010 1641 1187 1698 Viginti
1216 1645 1373 1685 unum.
1401 1656 1442 1698 3.
1482 1644 1742 1687 Germanus
1773 1643 1866 1686 Cli—

239 1703 340 1747 viae
355 1700 640 1752 vltraiectini‚
664 1699 1012 1745 embricensis...
1045 1712 1111 1743 12.
1138 1702 1262 1745 Ante
1284 1708 1376 1744 tres
1397 1717 1540 1745 annos
1562 1702 1714 1746 statim
1731 1710 1870 1757 atque

239 1769 396 1805 votum
419 1760 670 1814 emiseram,
695 1766 740 1804 et
760 1761 850 1802 hoc
871 1774 898 1802 a
924 1758 1107 1802 domino
1129 1761 1366 1804 Leonardo
1388 1761 1605 1806 Coloniae
1627 1761 1764 1817 inque
1787 1776 1869 1804 co—

240 1819 431 1865 loniensi
452 1819 661 1876 collegio:
686 1818 751 1862 fui
772 1818 906 1862 etiam
929 1825 1038 1861 tunc
1060 1819 1397 1863 examinatus...
1430 1833 1495 1874 14.
1524 1822 1627 1864 Non
1649 1836 1767 1874 sum,
1788 1836 1869 1864 ne-

241 1895 330 1936 que
351 1879 553 1923 ordinem
575 1878 714 1920 vllum
736 1878 896 1922 habe0.
927 1888 994 1932 15.
1015 1877 1276 1922 Coloniensi
1298 1885 1472 1922 tantum
1516 1881 1582 1923 16.
1603 1881 1706 1923 Non
1731 1879 1870 1924 feci...

242 1939 357 1995 Legi
379 1946 554 1981 tantum
576 1951 655 1994 per
675 1951 859 1980 annum.
886 1935 1004 1994 [Sclz.
1010 1937 1022 1992 ]
1055 1949 1090 1980 1.
1118 1939 1375 1993 Antequam
1394 1938 1667 1983 Societatem
1686 1939 1868 1991 intraui,

241 1976 344 2043 dedi
366 2012 547 2053 operam
570 1995 731 2052 partim
753 1995 1090 2052 grammaticae,
1113 1996 1276 2063 partim
1299 1997 1563 2050 rhetoricae,
1588 1998 1750 2054 partim
1772 1998 1871 2041 dia-

238 2057 460 2103 lecticae..
472 2057 550 2099 ..6
577 2055 650 2099 Ad
671 2055 862 2112 gradum
892 2054 1155 2112 magisterii.
1179 2053 1249 2113 ]ΙΙ,
1275 2066 1378 2111 454,
1402 2058 1506 2124 456,
1532 2058 1635 2111 460.
1660 2057 1763 2116 470]

335 2129 371 2160 Ι.
442 2114 682 2158 Gerardus
719 2114 956 2157 Pesclzius.
987 2126 1028 2158 2.
1066 2115 1219 2159 Unum
1250 2123 1296 2158 et
1322 2115 1487 2172 viginti
1538 2130 1578 2171 3.
1611 2118 1872 2161 Germanus

239 2175 423 2219 inferior
445 2171 715 2217 coloniensis
736 2173 1042 2230 campensis...
1075 2185 1140 2217 12.
1167 2175 1305 2217 Anno
1332 2185 1443 2232 1559
1465 2175 1511 2218 in
1535 2177 1650 2219 festo
1672 2176 1870 2232 Epipha-

240 2234 358 2287 niae,
383 2234 482 2278 siue
504 2232 639 2275 trium
672 2246 849 2299 regum,
875 2231 979 2275 anni
1002 2231 1147 2285 initio,
1180 2240 1389 2289 receptus
1411 2249 1437 2277 a
1459 2236 1512 2278 R.
1548 2237 1598 2278 Ρ.
1633 2236 1871 2279 Leonardo

241 2293 460 2345 Kesselio,
487 2292 532 2334 in
553 2290 844 2343 Germania,
834 2305 880 2334 m
896 2291 1090 2348 collegio
1112 2292 1409 2337 coloniensi...
1437 2306 1503 2347 14.
1526 2295 1623 2338 Nec
1639 2291 1868 2346 sacerdos,

241 2367 327 2396 nec
347 2353 438 2395 vllo
460 2352 594 2394 modo
615 2349 962 2394 ecclesiasticus.
994 2361 1059 2405 15.
1085 2351 1317 2394 Tantum
1306 2366 1352 2394 m
1379 2352 1627 2396 coloniensi
1649 2353 1867 2396 habitaui:

244 2420 504 2455 treuerense
525 2409 720 2453 visitani.
746 2408 862 2466 [Sclz.
871 2407 883 2468 ]
906 2419 948 2463 5.
968 2409 1187 2466 Magister
1203 2425 1302 2453 sum
1324 2411 1502 2455 artium.
1524 2412 1672 2469 [Mag.
1679 2413 1690 2467 ]
1718 2425 1754 2456 1.
1770 2414 1871 2469 Jam

0 2511 5 2529 ¹
245 2485 412 2514 annum
434 2469 584 2512 docui:
610 2482 732 2511 nunc
754 2467 955 2524 linguam
977 2482 1204 2524 graecam,
1236 2471 1590 2515 Demosthenem
1621 2479 1666 2516 et
1694 2473 1871 2515 Varen-

10 2538 14 2544 '
243 2530 384 2580 nium,
411 2527 643 2573 Ciceronis
664 2534 902 2578 oratorem,
927 2526 1045 2570 Liuii
1066 2527 1296 2572 historiam
1338 2527 1407 2588 [II,
1432 2541 1535 2587 459,
1560 2541 1664 2584 457,
1690 2530 1792 2587 458]

338 2601 374 2632 1.
440 2589 589 2630 Vocor
611 2587 870 2642 Gregorius
891 2586 1057 2628 Fabius
1077 2586 1350 2631 dionantius.
1378 2601 1419 2631 2.
1449 2590 1559 2633 Sum
1578 2596 1711 2632 natus
1728 2603 1872 2632 anno-

241 2662 340 2691 rum
360 2647 414 2690 28
433 2654 511 2689 aut
530 2659 599 2702 29.
624 2659 664 2700 3.
686 2646 797 2689 Sum
816 2645 964 2700 gallus
979 2644 1303 2699 dionantensis,
1324 2647 1542 2692 dioecesis
1560 2648 1842 2691 leodiensis.

248 2719 314 2751 12.
348 2707 467 2750 Sunt
496 2720 575 2748 sex
607 2703 735 2754 anni,
771 2719 797 2746 a
833 2703 943 2747 R.d0
981 2706 1030 2747 Ρ.
1063 2705 1301 2748 Leonardo
1339 2715 1548 2762 receptus
1578 2707 1867 2750 Coloniae...

248 2779 313 2819 14.
341 2766 451 2810 Sum
470 2763 686 2820 indignus
707 2763 936 2814 sacerdos,
961 2769 1007 2805 et
1025 2762 1091 2805 fui
1106 2777 1283 2819 semper
1305 2765 1580 2810 Coloniae...
1601 2765 1794 2824 [Sclz.]...
1824 2767 1866 2809 6.

242 2827 323 2868 Est
344 2838 491 2868 annus
513 2837 568 2866 ex
591 2837 681 2878 quo
702 2821 855 2878 accepi
874 2823 1061 2865 formam
1078 2822 1360 2867 baccalaurei
1377 2823 1422 2867 in
1447 2824 1685 2882 theologia.
1703 2823 1872 2884 [Mag.]

318 3017 327 3037 ¹
380 3013 458 3058 Sic;
478 3023 547 3060 pro
565 3012 743 3048 exercui.
