2196 3522
979 266 1065 303 1551
1816 263 1840 301 5

204 360 312 405 ralis
332 361 584 418 gerendum
608 361 661 404 P.
688 360 933 417 Ignatium,
958 374 1064 412 nam
1085 366 1289 414 sanctus,
1313 358 1478 415 inquit,
1501 359 1640 402 homo
1660 356 1843 401 dicebat

204 451 257 482 se
277 452 371 482 non
385 451 486 482 esse
505 443 678 494 aptum:
702 437 749 480 id
770 436 918 494 ipsum
939 438 1141 490 credere,
1165 442 1248 481 etc.
1273 437 1313 480 It
1332 435 1551 493 magister
1579 436 1762 491 Laynez
1782 434 1842 478 ad

206 515 379 559 bellum
400 513 771 571 aphrodisianum
799 529 904 558 cum
933 516 1102 559 Ioanne
1123 515 1271 571 Vega.
1297 512 1432 558 Redit
1458 515 1665 565 Romam,
1694 525 1843 569 expu-

206 598 352 649 gnato
365 591 660 648 Aphrodisio.
679 591 760 635 28
775 593 1014 636 Venerunt
1036 593 1225 635 Romam
1249 593 1297 634 P.
1322 591 1359 634 F
1361 589 1593 634 ranciscus
1614 589 1662 632 in
1681 588 1841 633 habitu

206 668 358 712 adhuc
379 668 524 721 ducis,
549 683 654 712 cum
675 683 759 713 sua
780 668 962 721 familia,
986 667 1164 712 etiamsi
1184 674 1359 712 secrete
1379 673 1501 712 esset
1521 681 1578 711 ex
1604 666 1843 723 dispensa·

209 745 334 789 tione
361 747 607 802 professus.
639 747 694 790 P.
720 746 888 799 Araoz,
914 747 967 789 P.
999 745 1208 797 Ouedus,
1241 746 1294 788 P.
1328 743 1492 796 Miron,
1526 746 1578 787 P.
1615 743 1841 797 Stradius,

211 824 266 866 P.
291 825 458 879 Royas,
485 825 538 867 P.
569 822 824 876 Tablarius,
855 822 1072 879 magister
1094 822 1331 874 Emanuel,
1356 821 1388 864 ii
1413 822 1424 843 ¹
1449 821 1638 864 comites
1659 821 1844 864 suerunt

210 899 338 944 Patri
358 900 615 944 Francisco.
639 900 716 944 Ad
736 899 912 943 initium
934 898 1216 955 insequentis
1243 897 1350 942 anni
1378 897 1504 942 venit
1531 900 1718 941 Romam
1746 912 1844 940 ma-

208 977 354 1034 gister
375 977 547 1022 Simon.
573 979 745 1022 Romae
764 985 894 1021 erant
915 991 1019 1020 cum
1042 978 1096 1020 P.
1123 975 1318 1033 Ignatio,
1344 977 1397 1019 P.
1430 976 1628 1031 Laynez,
1656 976 1709 1018 P.
1742 974 1844 1019 Sal-

209 1068 383 1107 meron,
405 1056 458 1098 P.
478 1054 648 1107 Miona,
670 1056 721 1098 P.
743 1053 948 1106 Frusius,
970 1055 1023 1097 P.
1046 1054 1288 1106 Polancus,
1307 1059 1395 1097 etc.
1427 1052 1434 1110 Ι
1462 1051 1846 1108 Archiepiscopus

211 1132 440 1176 toletanus
466 1131 660 1177 Siliceus
694 1130 741 1174 in
779 1130 1000 1187 Hispania
1036 1129 1323 1187 persequitur
1358 1129 1650 1183 Societatem,
1679 1128 1727 1171 in
1763 1142 1847 1172 sua

210 1208 404 1262 diocesi,
433 1223 487 1252 ac
513 1208 706 1265 publicis
731 1208 891 1252 edictis
918 1207 1148 1252 interdicit
1174 1222 1232 1251 ne
1265 1206 1571 1264 suscipiantur
1606 1205 1764 1249 nostri,
1796 1207 1847 1248 In

212 1287 408 1331 insulam
435 1287 649 1343 Iaponam
675 1286 916 1343 nauigauit
942 1285 1161 1343 magister
1186 1287 1223 1329 F
1225 1284 1474 1338 ranciscus,
1499 1283 1576 1327 vbi
1603 1283 1735 1340 primi
1767 1298 1848 1340 per

212 1363 369 1421 ipsum·
401 1363 507 1408 facti
533 1370 642 1407 sunt
677 1363 883 1407 homines
918 1362 1173 1407 christiani:
1204 1377 1285 1407 sex
1321 1361 1526 1418 ecclesijs
1554 1361 1771 1414 fundatis,
1803 1368 1849 1404 et

214 1440 337 1486 mille
364 1440 650 1498 quingentis,
681 1441 784 1498 plus
810 1440 977 1493 minus,
1007 1439 1248 1497 baptizatis
1283 1438 1560 1492 hominibus,
1586 1439 1720 1495 redijt
1747 1446 1850 1495 post

212 1517 447 1562 biennium
480 1518 529 1561 in
565 1518 753 1562 Indiam.
807 1517 1097 1563 Perturbatio
1138 1532 1218 1574 per
1258 1516 1521 1574 episcopum
1564 1515 1849 1572 tyburtinum

214 1602 399 1653 propter
420 1595 629 1640 Lucium.

306 1723 387 1766 29
964 1728 1101 1774 [1⁵]51

308 1841 393 1887 3.0
418 1829 492 1874 die
521 1830 731 1886 Ianuarij,
756 1829 898 1874 literis
925 1844 1008 1873 sua
1029 1844 1166 1873 manu
1193 1829 1395 1887 scriptis,
1420 1828 1558 1873 cessit
1584 1842 1670 1873 suo
1699 1827 1849 1872 officio

216 1906 444 1965 generalis
464 1906 726 1964 praepositi,
749 1906 915 1951 additis
941 1906 1207 1961 rationibus,
1234 1908 1285 1950 P.
1314 1906 1534 1964 Ignatius.
1567 1905 1851 1963 Congregati

221 1986 380 2029 Patres
406 1997 500 2026 non
527 1982 808 2027 admiserunt
833 1983 933 2027 eius
960 1983 1227 2028 cessionem.
1259 1984 1394 2029 Solus
1423 1982 1510 2026 fuit
1543 1984 1597 2026 P.
1638 1982 1847 2034 Ouedus‚

219 2060 299 2117 qui
318 2059 433 2104 dixit
453 2075 503 2104 se
523 2060 707 2116 quidem
729 2068 967 2117 propterea
988 2060 1156 2105 sentire
1180 2062 1232 2104 P.
1265 2059 1493 2118 Ignatium
1515 2074 1608 2104 non
1629 2073 1730 2104 esse
1751 2058 1854 2102 ido-

218 2152 373 2191 neum,
405 2138 530 2194 quod
564 2137 640 2183 ille
674 2137 738 2181 ita
764 2137 950 2182 diceret.
982 2137 1203 2182 Discessit
1241 2139 1293 2182 P.
1326 2139 1362 2181 F
1365 2137 1597 2181 ranciscus
1623 2150 1729 2180 cum
1758 2136 1853 2180 suis

220 2216 387 2268 Roma,
423 2214 590 2260 relictis
618 2214 823 2271 pecuniis
859 2215 917 2258 ad
953 2214 1264 2260 fundationem
1301 2214 1483 2271 collegii
1509 2213 1700 2266 romani,
1730 2214 1853 2269 quod
1918 2232 1920 2234 ·

219 2293 308 2336 hoc
329 2306 450 2336 anno
469 2299 540 2336 est
562 2292 818 2345 fundatum,
838 2299 885 2335 et
906 2298 1088 2348 apertae
1109 2293 1292 2337 scholae
1308 2291 1475 2335 latinae
1496 2291 1696 2348 linguae,
1717 2304 1853 2348 grae-

221 2383 304 2414 cae
339 2376 386 2414 et
420 2369 675 2414 hebraicae.
706 2370 714 2427 Ι
742 2371 795 2413 Ρ.
830 2371 865 2413 F
868 2369 1100 2414 ranciscus
1126 2370 1300 2413 cultum
1338 2369 1589 2414 secularem
1625 2367 1767 2420 exuit,
1808 2375 1853 2411 et

221 2445 439 2491 ditionem
467 2446 587 2491 cedit
621 2446 731 2500 filio,
762 2447 815 2490 fit
842 2447 1072 2499 sacerdos,
1113 2454 1159 2491 et
1185 2446 1397 2490 inchoato
1424 2445 1618 2502 collegio
1654 2445 1850 2496 oniateo‚

224 2522 397 2567 secedit
422 2523 470 2567 in
493 2523 801 2578 Cantabriam,
832 2523 1147 2576 concionatur,
1176 2523 1432 2568 emendicat
1458 2537 1625 2579 magna
1650 2521 1853 2566 omnium

225 2599 538 2644 aedificatione
564 2607 611 2644 et
638 2601 806 2644 fructu.
838 2602 914 2645 Ad
939 2607 1112 2657 patrem
1141 2601 1177 2643 F
1180 2600 1434 2644 ranciscum
1461 2599 1653 2644 veniunt
1674 2600 1727 2642 P.
1754 2599 1855 2642 An-

224 2675 350 2720 tonio
371 2674 466 2734 [sic]
491 2692 518 2721 a
538 2678 767 2731 Corduba,
794 2681 847 2722 P.
870 2677 1227 2731 Bustamantius,
1249 2680 1296 2721 P.
1334 2677 1558 2723 Sanchius
1581 2692 1608 2720 a
1649 2675 1852 2728 Castilia,

222 2760 270 2797 et
291 2753 363 2809 alij
387 2753 563 2798 nobiles
587 2754 780 2810 hispani,
812 2763 858 2798 et
886 2769 966 2811 per
991 2754 1207 2799 exercitia
1228 2756 1286 2798 ad
1308 2754 1582 2800 Societatem
1614 2759 1852 2796 vocantur.

225 2832 491 2874 Inchoatum
513 2831 754 2888 collegium
791 2833 1022 2889 burgense
1050 2847 1130 2889 per
1157 2833 1383 2877 Stradam.
1415 2833 1681 2875 Inchoatum
1716 2829 1857 2874 colle-

221 2907 353 2964 gium
388 2907 691 2952 florentinum.
717 2909 930 2953 Genuam
961 2910 1125 2954 missus
1155 2911 1217 2953 M.
1253 2910 1450 2966 Laynez.
1485 2910 1660 2952 Domus
1692 2908 1859 2964 proba-

304 3076 316 3097 ¹
365 3077 455 3119 Ms.,
473 3075 550 3122 hij.
