2196 3522
335 262 406 300 714

382 355 570 390 Tablares
590 357 630 388 et
647 353 884 399 Goncalves,
903 352 963 397 31,
982 364 1004 388 a
1022 364 1119 389 nun-

381 414 437 449 tio
456 412 624 457 Dolfino,
651 411 734 455 218,
762 420 845 457 219,
871 411 954 456 2283
973 412 1119 447 Romae

383 474 423 508 in
446 472 553 507 curia
577 471 790 518 pontificia,
809 471 894 516 236;
921 484 942 507 a
960 471 1120 507 Sanctio

381 532 432 567 de
457 531 592 575 Leiva,
619 531 703 578 5983
731 531 957 578 imperatori
981 531 1121 567 Ferdi-

385 591 512 626 nando
537 591 690 632 charus,
719 599 806 636 2413
833 592 995 636 angelus
1026 590 1119 626 Ger-

383 650 538 686 maniae
553 655 592 685 et
604 649 754 685 Galliae
770 655 1120 696 nuncupatur‚292,

387 709 472 756 365,
503 708 585 753 3803
610 714 745 755 gratus
769 708 809 744 S.
830 708 982 754 Ignatio
1001 713 1040 744 et
1067 708 1122 744 hi-

387 768 534 815 spanis,
561 767 626 812 31,
655 767 845 804 militibus
863 769 1017 810 charus,
1038 767 1120 813 5983

386 827 522 863 Lainio
546 832 586 862 et
611 828 791 872 Polanco,
816 826 900 872 6383
930 827 1122 868 omnibus,

381 886 474 930 6213
504 885 747 921 desideratus
771 886 811 920 in
835 885 1038 932 Hispania,
1064 884 1124 930 31,

385 944 471 990 3303
491 945 531 980 in
549 945 726 990 Bavaria,
742 944 825 990 349,
842 945 882 980 in
900 944 1124 990 Germania,

391 1003 470 1047 130,
486 1004 571 1046 621,
585 1003 670 1048 623,
685 1003 769 1050 634,
784 1004 867 1049 657;
886 1004 970 1051 ejus
989 1005 1124 1039 exhor-

387 1063 557 1099 tationes
581 1063 802 1108 laudantur,
827 1063 912 1110 621,
937 1063 1022 1108 624,
1041 1062 1124 1107 625,

386 1121 471 1167 634,
504 1127 595 1166 etc.;
627 1134 648 1156 a
676 1123 719 1157 B.
747 1122 904 1158 Canisio
932 1121 1126 1167 laudatus,

393 1181 474 1227 130,
492 1181 575 1227 643,
595 1181 681 1227 647,
699 1181 781 1225 652,
803 1186 878 1216 ete.

347 1261 374 1268 -
391 1250 426 1286 7.
472 1242 610 1276 Varia.
648 1241 867 1276 Messanam
907 1240 1074 1276 mittitur
1107 1253 1128 1276 a

393 1301 434 1336 S.
453 1299 620 1346 Ignatio,
639 1299 673 1343 3,
695 1311 811 1346 opera
829 1299 891 1346 pia
909 1305 1127 1346 promovet,

392 1359 431 1394 in
452 1358 622 1394 Africam
642 1358 796 1404 trajicit,
815 1357 1058 1404 naufragium
1076 1358 1130 1393 fa-

393 1418 461 1463 cit,
486 1406 633 1453 Romae
663 1418 963 1453 constitutiones
986 1418 1130 1453 exami-

392 1482 474 1522 nat,
498 1477 534 1522 6;
555 1477 594 1512 in
613 1476 785 1512 Siciliam
799 1476 979 1512 cumillis
998 1477 1131 1513 remit-

392 1536 502 1583 titur,
531 1544 567 1581 7,
601 1535 769 1571 vicarius
800 1547 870 1571 seu
906 1536 1131 1571 commissa-

393 1596 473 1631 rius
496 1595 692 1641 generalis
723 1594 932 1631 Societatis
958 1595 1129 1630 nomina-

394 1660 470 1696 tur,
490 1665 525 1700 93
553 1654 699 1701 primae
721 1655 894 1700 generali
919 1666 1129 1701 congrega·

394 1713 491 1748 tioni
511 1713 633 1759 adest,
658 1721 714 1757 123
731 1713 911 1758 Borgiam
927 1713 966 1748 in
980 1713 1127 1749 Lusita-

396 1772 500 1807 niam
518 1777 719 1818 convocat,
740 1771 883 1818 gradus
908 1783 1042 1808 omnes
1062 1773 1129 1808 So-

393 1831 550 1866 cietatis
568 1841 697 1866 coram
721 1841 815 1876 rege
847 1830 1020 1877 exhibet,
1042 1842 1131 1866 con-

394 1890 585 1936 cionatur,
611 1889 828 1925 fructuBsas
854 1890 972 1925 habet
996 1890 1129 1926 adhor-

398 1948 579 1996 tationes,
616 1948 670 1993 18,
704 1949 748 1984 S.
780 1949 917 1995 Jacobi
943 1951 1130 1996 templum

398 2008 687 2055 Compostellae
717 2008 870 2055 invisit,
907 2017 970 2054 19,
999 2010 1132 2044 turbas

396 2078 420 2102 a
453 2066 650 2102 nonnullis
684 2067 874 2102 excitatas
909 2073 1033 2115 pacat,
1071 2077 1131 2113 20,

397 2125 585 2162 exercitia
609 2125 824 2172 spiritualia
855 2126 1044 2174 defendit,
1072 2136 1131 2173 21,

398 2194 463 2230 24,
499 2184 634 2220 invisit
672 2183 1005 2231 archiepiscopum
1047 2185 1133 2220 Sili-

396 2255 511 2279 ceum
536 2252 594 2288 223
605 2243 779 2289 reginam
793 2245 981 2290 Joannam
991 2245 1134 2280 Torde-

398 2302 497 2338 sillis
520 2302 718 2344 convenit,
738 2303 918 2349 Borgiam
937 2303 984 2338 ad
1013 2304 1134 2340 cardi-

400 2363 571 2397 nalatum
604 2361 861 2397 recusandum
893 2362 1129 2410 adhortatur,

400 2421 465 2465 263
504 2421 711 2456 Araozium
741 2421 857 2456 officii
886 2427 1036 2468 monet,
1074 2431 1133 2468 27,

401 2480 572 2526 Loyolae
602 2485 817 2527 recreatur,
852 2480 910 2525 283
942 2486 1130 2527 aegrotat,

401 2547 467 2585 293
499 2544 774 2586 tempestatem
800 2539 918 2587 subit,
940 2539 999 2584 31;
1032 2540 1132 2575 vica-

401 2598 481 2633 rius
512 2597 689 2644 eligitur,
721 2598 982 2645 importunum
1007 2610 1048 2634 se
1075 2600 1134 2645 Ig-

402 2656 507 2691 natio
546 2655 669 2692 fuisse
702 2656 816 2703 dicit,
852 2662 1053 2704 correptus
1087 2660 1135 2694 ab

402 2715 566 2761 Ignatio,
595 2715 744 2750 Natalis
771 2715 975 2751 consilium
1006 2717 1136 2762 magni

400 2774 582 2809 aestimat
612 2774 800 2821 Ignatius,
837 2773 896 2819 32;
931 2774 1136 2811 facultates

401 2831 553 2867 obtinet
567 2832 767 2875 Societati‚
781 2833 829 2868 de
845 2832 929 2879 ejus
943 2834 1136 2880 guberna-

401 2891 508 2926 tione
527 2892 686 2939 inquirit
703 2892 893 2938 Ignatius,
914 2903 1002 2927 eum
1021 2893 1136 2928 corri-

401 2950 472 2996 pit,
492 2956 601 2986 curat
619 2950 769 2986 Natalis
794 2956 837 2986 ut
853 2950 1028 2996 Ignatius
1046 2951 1136 2986 scri-

401 3009 469 3044 bat
487 3014 573 3044 acta
588 3021 669 3057 sua,
687 3008 746 3056 33,
763 3008 822 3054 34,
841 3009 944 3056 apud
958 3009 1137 3045 nuntium

402 3068 597 3103 Dolfinum
622 3068 856 3114 diversatur,
877 3068 962 3115 ejus
987 3067 1138 3104 confes-

1071 251 1243 289 INDICES

1242 353 1373 389 siones
1383 353 1502 401 audit,
1514 354 1750 390 Hundanum
1758 355 1978 402 cognoscit,

1243 412 1283 449 in
1296 413 1511 449 haereticos
1525 414 1733 461 invehitur,
1749 413 1809 460 34,
1825 415 1874 450 ab
1887 414 1977 450 hae-

1241 472 1375 508 reticis
1390 477 1435 508 ut
1450 472 1602 520 papista
1625 473 1808 509 convitiis
1827 474 1976 520 expeti-

1243 535 1317 578 tur,
1345 531 1615 567 Vindobonam
1633 531 1780 579 invisit,
1809 532 1977 568 catechi-

1243 602 1369 626 smum
1377 589 1524 626 Canisii
1539 591 1731 638 emendat,
1742 590 1801 637 353
1813 603 1834 627 a
1850 591 1975 627 consi-

1243 649 1305 685 liis
1319 649 1469 694 Lainio,
1487 650 1664 696 graviora
1687 650 1846 696 negotia
1868 650 1976 686 diffe-

1243 707 1381 754 renda,
1414 708 1538 743 donec
1572 709 1738 754 eligatur
1765 709 1975 755 generalis,

1244 772 1392 811 censet,
1404 767 1680 803 commentaria
1687 767 1727 803 in
1735 761 1978 804 constitutio·

1245 837 1315 862 nes
1330 826 1588 874 prosequitur,
1610 827 1700 862 inde
1718 828 1862 863 scholia
1887 827 1977 863 edu-

1245 885 1311 933 cit,
1323 886 1610 933 superintendit
1624 887 1791 933 collegio
1805 899 1977 936 romano,

1245 944 1535 981 adhortationes
1551 945 1656 987 facit,
1672 953 1730 991 503
1746 946 1795 981 de
1810 946 1982 982 Societa-

1245 1008 1286 1038 te
1304 1003 1449 1050 optime
1468 1004 1507 1039 in
1522 1003 1646 1039 turbis
1661 1004 1807 1051 primae
1821 1016 1983 1052 congre.-

1245 1063 1414 1109 gationis
1430 1069 1612 1111 meretur,
1624 1071 1747 1110 51-59;
1757 1065 1981 1100 Bobadillae

1248 1128 1288 1159 et
1305 1122 1467 1158 aliorum
1491 1122 1669 1159 defectus
1691 1128 1811 1166 notat,
1836 1135 1914 1159 non
1931 1135 1981 1159 ex

1249 1182 1538 1230 malevolentia,
1571 1182 1640 1218 sed
1664 1188 1706 1218 ut
1729 1194 1872 1218 causae
1897 1194 1981 1230 per-

1249 1239 1481 1276 turbationis
1523 1240 1661 1276 melius
1695 1241 1979 1288 intelligantur,

1249 1304 1289 1335 et
1313 1299 1520 1335 Societatis
1544 1310 1699 1334 causam
1725 1304 1891 1346 tueatur,
1920 1298 1979 1344 53,

1248 1358 1549 1394 constitutiones
1590 1358 1850 1394 cardinalibus
1890 1355 1983 1394 Tra-

1249 1417 1362 1453 nensi
1379 1422 1419 1452 et
1436 1418 1635 1452 Reomano
1659 1418 1791 1463 legere
1806 1417 1980 1465 jubetur,

1249 1475 1308 1521 583
1328 1476 1367 1511 in
1386 1475 1592 1511 seditiosos
1611 1475 1820 1523 invehitur,
1849 1487 1928 1512 non
1946 1478 1982 1512 ei

1250 1536 1434 1582 probatur
1475 1534 1578 1582 quod
1611 1534 1780 1571 vicarius
1813 1531 1983 1571 canones

1249 1593 1543 1640 congregationi
1561 1595 1816 1641 praescribat,
1842 1602 1901 1643 59,
1921 1596 1982 1640 603

1251 1658 1336 1689 acta
1365 1653 1405 1689 in
1429 1653 1550 1700 prima
1580 1654 1896 1703 congregatione,
1923 1655 1982 1700 60;

1249 1718 1414 1761 quatuor
1432 1719 1522 1749 vota
1546 1714 1635 1750 tulit
1652 1726 1720 1761 pro
1742 1715 1984 1760 generalatu,

1249 1773 1310 1818 623
1327 1773 1651 1820 superintendens
1665 1774 1821 1820 collegii
1835 1774 1985 1810 romani

1252 1837 1293 1868 et
1316 1831 1493 1867 minister
1522 1832 1659 1868 domus
1683 1832 1731 1868 ad
1755 1838 1909 1880 tempus
1925 1845 1984 1869 re-

1251 1891 1464 1939 nuntiatur,
1496 1892 1556 1937 643
1587 1904 1609 1927 a
1640 1893 1814 1928 consiliis
1848 1893 1984 1929 Lainio

1253 1951 1419 1998 assistit,
1451 1950 1625 1998 disputat
1653 1963 1740 1987 cum
1775 1952 1983 1998 theologis,

1252 2010 1462 2046 meditatur
1491 2010 1531 2046 in
1554 2011 1771 2059 evangelia,
1805 2011 1865 2056 653
1891 2011 1985 2047 assi-

1253 2069 1393 2105 stentis
1417 2069 1544 2105 officio
1567 2069 1757 2116 fungitur,
1787 2080 1872 2116 402,
1898 2070 1984 2116 650,

1252 2128 1336 2174 6513
1356 2128 1650 2164 instructionem
1669 2129 1786 2164 tradit
1803 2129 1852 2164 de
1870 2129 1989 2166 modo

1253 2187 1419 2224 docendi
1449 2187 1698 2234 theologiam,
1722 2188 1806 2233 446,
1840 2183 1989 2235 Α’τειςζοὲ

1253 2246 1341 2282 niae
1359 2245 1580 2281 tirocinium
1595 2245 1747 2281 institui
1761 2251 1883 2294 curat,
1899 2247 1984 2293 626,

1254 2305 1337 2350 627,
1368 2304 1525 2351 collegii
1560 2305 1709 2341 romani
1742 2306 1988 2352 superinten-

1254 2364 1365 2412 dens,
1384 2363 1468 2408 650.

1207 2422 1465 2469 Navagerius,
1500 2423 1733 2469 Bernardus,
1763 2423 1985 2471 cardinalis,

1255 2484 1408 2528 legatus
1427 2482 1466 2517 in
1495 2482 1673 2527 concilio,
1708 2491 1765 2530 lx,
1797 2482 1881 2531 238,
1899 2492 1985 2530 245,

1257 2541 1343 2587 284.

1209 2600 1395 2642 Navarr0,
1415 2600 1462 2636 P.
1487 2601 1640 2643 Petrus,
1661 2600 1701 2636 S.
1721 2602 1761 2647 J.
1774 2630 1783 2648 ,
1807 2612 1987 2646 examen,

1258 2657 1343 2703 578-

1210 2716 1412 2762 —Petrus,
1434 2717 1477 2752 S.
1499 2718 1561 2763 J.,
1579 2717 1795 2764 coadjutor,
1818 2717 1898 2764 158.

1209 2776 1331 2811 -Dr.
1354 2775 1558 2822 Martinus,
1573 2788 1615 2812 v.
1641 2776 1889 2823 Azpilcueta.

1211 2833 1396 2881 Neapolis
1415 2835 1599 2882 (Napoli),
1617 2836 1839 2882 collegium,
1853 2835 1889 2878 6,
1906 2835 1990 2882 260,

1257 2893 1341 2939 443,
1356 2894 1561 2930 cardinalis
1579 2900 1619 2930 et
1637 2895 1828 2942 Societas,
1845 2894 1906 2941 63,
1927 2896 1988 2940 64,

1256 2952 1505 2999 provincialis
1523 2953 1741 3002 salmeron,
1759 2954 1818 2990 63:
1839 2966 1883 2992 v.
1903 2962 1986 3001 251,

1258 3011 1346 3047 268.

1211 3069 1461 3115 Negalienos,
1482 3071 1664 3117 Thomas,
1683 3071 1729 3108 S.
1753 3073 1776 3119 J
1806 3101 1815 3119 ,
1834 3071 1920 3117 588.
