2196 3522
868 268 891 304 9
916 258 1164 294 Novmfflms
1193 258 1284 304 1563
1825 269 1911 306 455.

353 371 394 415 5.
459 359 588 404 Hieri
611 361 659 403 fu
680 359 819 404 citato
841 361 884 404 al
903 361 1138 404 Chastelet
1162 362 1173 382 ¹
1197 360 1228 404 il
1251 361 1304 404 P.
1331 360 1500 404 Pontio
1520 376 1602 418 per
1623 368 1759 405 conto
1780 361 1896 406 delle

264 436 465 494 signorie
484 436 531 480 di
553 438 776 481 Cromede
798 438 869 482 S.t
903 438 1086 481 Amand
1107 444 1215 491 etc.‚
1240 439 1326 481 che
1354 444 1517 482 stanno
1543 437 1591 481 in
1620 437 1796 483 Billone
1817 453 1898 495 per

266 515 479 558 venderle
494 514 562 557 fra
577 513 608 556 li
625 522 760 559 cento
784 514 905 559 milla
925 515 983 559 de
1004 514 1179 559 rendita
1200 516 1258 560 de
1279 515 1384 559 beni
1406 515 1699 560 ecclesiastici
1715 517 1800 558 che
1815 530 1897 572 per

265 592 449 636 decreto
469 592 543 636 del
564 607 612 635 re
635 591 672 634 si
694 593 841 636 vende
862 591 907 634 in
931 599 1091 648 questo
1113 607 1259 649 regno
1281 607 1362 648 per
1383 592 1611 636 sobuenir’
1638 592 1712 635 alli
1734 591 1895 649 grandi

264 668 445 725 bisogni
465 669 583 712 della
603 682 788 712 corona.
824 671 900 713 Ma
926 669 1188 713 finalmente
1214 668 1245 711 il
1273 668 1440 726 Signor
1469 670 1563 712 fara
1590 670 1698 714 dare
1719 670 1762 713 la
1789 683 1895 713 sen-

264 751 396 788 tenza
417 744 462 787 in
486 745 656 798 fauore,
681 745 972 789 dichiarando
993 747 1079 788 che
1099 760 1190 788 non
1211 759 1326 788 sono
1354 744 1460 790 beni
1491 746 1799 800 ecclesiastici,
1822 761 1897 789 ma

261 823 320 866 de
351 821 560 875 scholari,
594 829 640 865 et
671 822 812 866 siamo
839 821 916 879 gia
947 821 1076 877 quasi
1107 821 1342 865 assicurati
1371 821 1416 864 di
1448 823 1508 866 tal
1535 830 1766 875 sentenza,
1791 838 1895 879 per-

261 899 334 941 ch’
358 897 389 940 il
411 898 567 954 judice
594 906 640 955 et
668 898 698 941 il
726 905 1017 955 procuratore
1037 898 1112 943 del
1138 913 1187 943 re
1208 899 1438 954 priuatim
1467 900 1533 942 sic
1560 900 1892 942 concluserunt.

351 975 393 1018 6.
459 974 589 1018 Hieri
611 974 760 1018 arriuo
788 976 835 1018 M
843 974 878 1017 .⁰
901 976 1116 1030 Vanegas
1147 990 1227 1031 per
1254 975 1444 1032 leggere
1470 975 1547 1031 qui
1577 976 1769 1031 qualche
1790 990 1897 1019 cosa

260 1051 306 1094 in
328 1058 425 1096 arte
447 1051 641 1095 oratoria
654 1052 845 1107 -quando
871 1050 1050 1108 piacera
1078 1052 1120 1095 al
1149 1052 1318 1109 Signor
1347 1053 1499 1096 uolere
1527 1053 1635 1097 dare
1656 1052 1893 1109 principio,

259 1128 292 1170 il
312 1130 398 1171 che
418 1142 511 1171 non
532 1127 763 1184 pensiamo
785 1129 886 1171 sara
907 1135 1069 1184 questo
1091 1143 1226 1172 anno.
1253 1129 1354 1172 Con
1383 1128 1447 1171 lui
1475 1143 1624 1173 venne
1646 1128 1676 1171 il
1699 1131 1746 1173 M
1753 1129 1788 1172 ‚⁰
1810 1129 1894 1173 Ni-

261 1206 390 1249 colao
407 1204 605 1258 Lietard,
626 1205 735 1248 alias
758 1206 1033 1259 Paredense,
1058 1220 1138 1262 per
1159 1206 1440 1263 predichare;
1461 1221 1534 1249 ma
1550 1206 1693 1262 prima
1710 1207 1771 1249 mi
1787 1221 1895 1262 pare

261 1281 428 1339 meglio
450 1282 733 1327 essercitarlo
754 1282 799 1325 in
824 1282 1014 1336 Billone,
1039 1298 1067 1326 o
1089 1283 1190 1327 altri
1213 1282 1387 1340 luoghi‚
1408 1290 1454 1327 et
1470 1283 1681 1328 massime
1698 1285 1895 1327 c'hanno

258 1359 405 1402 vbiuis
421 1359 618 1402 locorum
641 1373 755 1416 gran
777 1358 974 1416 bisogno
995 1359 1041 1403 di
1063 1359 1348 1417 predicatori,
1374 1367 1420 1403 et
1443 1359 1520 1415 qui
1542 1360 1589 1403 in
1612 1359 1767 1416 Parigi
1784 1362 1894 1403 hora

256 1451 368 1480 sono
390 1435 750 1481 eccellentissimi
772 1436 1041 1493 predicatori
1071 1444 1117 1481 et
1138 1437 1185 1480 in
1212 1450 1328 1495 gran
1359 1451 1566 1490 numero,
1593 1436 1718 1480 siche
1741 1438 1896 1480 nullus

256 1517 368 1556 esset
390 1514 441 1556 in
465 1527 514 1556 eo
535 1513 772 1569 splendor.‘

346 1602 388 1644 7.
454 1591 617 1634 Venne
639 1573 784 1634 anche
806 1590 895 1635 M.⁰
918 1590 1140 1636 Giacomo
1160 1591 1376 1648 Dueggio
1397 1607 1426 1634 a
1450 1591 1674 1634 montibus
1691 1593 1776 1634 che
1792 1591 1892 1647 leg-

256 1681 376 1724 geua
398 1668 441 1710 13
462 1666 604 1723 prima
627 1667 673 1710 in
697 1668 928 1725 Peruggia
944 1683 1024 1725 per
1040 1683 1195 1725 passar
1211 1669 1253 1712 al
1270 1676 1422 1726 tempo
1438 1683 1522 1712 suo
1540 1667 1585 1712 in
1604 1668 1891 1713 valentiana.

259 1745 444 1786 interim
477 1742 555 1799 qui
587 1744 994 1802 s'essercitaraper
1016 1745 1173 1789 ordine
1194 1745 1240 1788 di
1261 1746 1320 1789 N.
1357 1747 1409 1789 P.
1441 1745 1560 1790 nella
1588 1745 1748 1802 lingua
1771 1747 1893 1788 fran-

257 1834 376 1865 cesa.
413 1819 698 1877 Aspettiamo
729 1823 873 1866 anche
904 1822 935 1865 il
972 1824 1025 1865 P.
1061 1822 1332 1866 Maldonado
1363 1837 1445 1879 per
1475 1823 1519 1865 la
1550 1821 1835 1878 philosophia
1866 1815 1908 1866 o*

257 1896 508 1954 theologi-33
534 1912 607 1940 ma
627 1897 705 1954 piu
725 1897 786 1940 mi
814 1898 1008 1954 piaceria
1039 1914 1118 1956 per
1145 1899 1188 1942 la
1217 1898 1446 1956 theologia
1473 1900 1504 1941 il
1531 1901 1589 1942 D.
1627 1900 1762 1952 Paez,
1787 1913 1893 1956 pro-

256 1973 447 2018 messoci
470 1974 528 2017 da
550 1976 608 2018 V.
634 1975 709 2028 R.,
733 1982 780 2018 et
800 1975 831 2018 il
860 1977 1134 2020 Maldonado
1162 1975 1351 2021 seruitia
1379 1991 1459 2033 per
1480 1977 1523 2019 13
1550 1975 1834 2033 philosophia
1855 1976 1890 2018 ³.

255 2051 312 2094 V.
340 2052 394 2094 R.
419 2050 457 2094 si
480 2050 646 2094 ricordi
668 2052 725 2095 de
746 2052 894 2109 gratia
915 2053 1033 2096 della
1054 2054 1229 2097 Franza
1251 2052 1439 2096 insieme
1460 2067 1546 2096 con
1569 2053 1611 2096 la
1628 2052 1891 2106 Germania,

255 2128 364 2183 quia
388 2131 428 2170 et
450 2142 533 2170 nos
556 2129 753 2186 legitimi
773 2143 948 2173 sumus.

342 2206 382 2247 8.
450 2206 557 2249 Non
579 2220 630 2249 so
652 2205 699 2249 in
721 2208 806 2251 che
827 2209 961 2251 modo
984 2209 1041 2251 ne
1062 2208 1182 2252 doue
1199 2209 1258 2250 ho
1275 2208 1441 2251 lassato
1459 2207 1563 2263 quei
1581 2207 1793 2252 essamini
1808 2209 1894 2250 che

254 2353 497 2388 habebantur
526 2355 672 2389 classes
700 2354 919 2391 inferiores.
953 2356 1178 2392 [nstitutum
1203 2355 1278 2391 fuit
1302 2357 1458 2391 saeculo
1480 2355 1576 2391 XIII
1602 2367 1622 2390 a
1645 2356 1816 2391 Roberto
1842 2355 1892 2391 de

255 2411 426 2448 Sorbon.

328 2474 337 2493 ¹
390 2471 547 2508 «Grand
564 2472 796 2520 Chatelet,a
813 2475 966 2511 Paris...
994 2475 1048 2512 La
1066 2476 1238 2511 mention
1263 2475 1300 2510 la
1324 2476 1411 2521 plus
1436 2475 1610 2510 certaine
1636 2486 1712 2521 que
1731 2475 1811 2510 l’on
1836 2475 1892 2510 ait

254 2530 324 2565 des
341 2530 511 2577 origines
528 2531 581 2567 du
598 2532 779 2570 Chatelet
796 2546 839 2570 se
857 2540 996 2579 trouve
1014 2534 1111 2570 dans
1126 2547 1177 2570 un
1191 2533 1418 2581 capitulaire
1432 2534 1481 2569 de
1496 2533 1659 2570 Charles
1678 2535 1715 2569 le
1729 2534 1891 2570 Chauve

253 2590 495 2635 prescrivant
519 2592 672 2637 en-877‚
699 2594 735 2628 la
758 2594 1024 2630 construction
1054 2593 1104 2629 de
1131 2593 1362 2630 forteresses
1386 2594 1591 2640 (castella)
1619 2605 1685 2628 sur
1709 2594 1746 2628 13
1771 2592 1890 2629 Seine

252 2659 349 2694 pour
366 2651 402 2684 la
419 2649 582 2687 defense
605 2651 655 2687 de
679 2652 832 2690 Paris...
858 2653 1020 2698 C'etait‚
1045 2665 1095 2689 en
1118 2653 1271 2700 mahte,
1297 2654 1404 2689 l'une
1422 2652 1493 2688 des
1510 2658 1647 2699 quatre
1667 2650 1891 2688 maltresses

250 2714 381 2754 portes
398 2708 448 2744 de
466 2709 502 2744 la
519 2709 612 2745 ville
629 2715 670 2746 et
683 2710 732 2747 de
751 2711 786 2747 13
804 2723 895 2748 sans
912 2712 1032 2749 doute
1050 2712 1160 2748 vient
1179 2714 1216 2748 le
1230 2724 1336 2758 nom,
1351 2712 1480 2748 donne
1499 2716 1667 2747 souvent
1683 2722 1732 2746 au
1750 2711 1890 2748 Chate-

250 2768 318 2812 let,
336 2766 386 2802 de
404 2768 582 2815 l’apport
600 2770 725 2806 Paris
737 2772 821 2817 (par
838 2772 1062 2819 corruption
1079 2771 1128 2807 de
1153 2773 1190 2808 la
1207 2771 1481 2819 porte-Paris).
1505 2771 1643 2818 Jusqu'
1663 2769 1685 2806 ἐι
1711 2770 1748 2805 13
1763 2770 1891 2806 Revo-

247 2826 387 2873 lution‚
406 2828 443 2862 le
461 2826 643 2864 Chatelet
660 2828 720 2865 fut
738 2831 774 2865 le
799 2830 908 2877 siege
933 2831 982 2866 de
1007 2832 1043 2866 13
1063 2830 1209 2877 justice
1233 2832 1367 2878 royale
1394 2830 1443 2866 de
1469 2830 1624 2865 Paris.»
1653 2830 1710 2864 La
1728 2831 1891 2877 grande

253 2887 536 2933 encyclopedie‚
556 2887 660 2924 edita
677 2888 700 2924 3
717 2889 943 2936 Lamirault,
962 2890 1087 2935 Paris,
1106 2891 1157 2937 X,
1176 2899 1260 2936 914.

321 2948 335 2968 2
386 2945 451 2982 Cf.
482 2946 668 2993 SALlGNI,
687 2949 747 2984 La
771 2950 834 2985 vie
857 2950 914 2985 du
938 2951 992 2986 P.
1015 2950 1123 2997 Jean
1156 2950 1383 2993 Maldonat,
1415 2950 1516 2996 apud
1547 2949 1760 2985 Memoires
1783 2952 1894 2996 pour

249 3006 382 3041 servir
408 3006 602 3042 l'histoire
619 3008 676 3042 du
703 3007 805 3044 Pare
823 3010 960 3052 Broet,
985 3021 1074 3057 pag.
1101 3018 1171 3056 599
1189 3015 1229 3046 et
1253 3020 1386 3057 seqq.;
1414 3014 1454 3044 et
1477 3009 1607 3055 PRAT‚
1626 3007 1838 3044 Maldonat
1855 3011 1893 3044 et

252 3063 283 3099 l'
295 3063 522 3101 Universite
539 3067 587 3102 de
606 3066 746 3103 Paris.
938 3071 941 3075 '
