2196 3522
417 264 491 309 664
1024 261 1162 297 Episr.
1189 259 1233 295 Ρ.
1262 252 1413 296 NADAL

417 378 524 421 gam
551 377 600 406 se
628 362 836 415 contulit,
869 376 1004 418 quem
1033 375 1121 418 ego
1152 367 1373 405 rectorem
1402 359 1643 405 Societatis
1678 359 1799 404 illius
1832 360 2054 405 constitui

415 423 594 468 vellem:
620 436 767 477 neque
790 428 971 466 recusat
996 423 1049 465 P.
1075 422 1111 464 F
1114 420 1359 464 ranciscus.
1386 419 1565 464 Literae
1593 419 1694 463 Rdi.
1729 419 1879 463 Patris
1907 434 2055 477 gene-

416 482 520 525 ralis
558 482 741 525 fuerunt
778 481 835 524 ad
872 495 944 524 me
981 481 1196 536 perlatae3
1237 494 1347 523 num
1384 487 1537 523 autem
1568 493 1836 535 responsum
1868 493 2054 535 quoque

416 555 567 584 meum
590 540 830 596 acceperit,
856 541 1060 583 nondum
1083 539 1192 583 satis
1214 539 1323 581 mihi
1345 545 1535 582 constat.
1560 538 1692 582 Mitto
1716 539 1768 581 P.
1795 539 1850 582 V.
1881 538 2054 583 descri-

417 607 509 657 pta,
535 615 650 656 quae
672 599 874 656 proxime
897 599 1085 644 ineunte
1112 598 1458 655 quadragesima
1480 605 1581 642 acta
1608 604 1715 641 sunt
1744 611 1824 653 per
1853 612 1940 651 me,
1976 597 2077 653 quiv

418 666 621 716 perstant
649 659 941 702 nihilominus
970 658 1015 701 in
1055 673 1138 701 sua
1166 657 1458 701 contumatia.
1491 658 1572 700 Est
1607 656 1694 699 illis
1731 671 1810 712 per
1847 671 1919 701 me
1957 656 2056 700 dies

417 719 567 762 dictus
589 733 739 762 coram
763 717 1052 763 serenissimo
1074 732 1184 774 rege
1205 731 1323 760 meo:
1349 716 1461 770 dies,
1487 716 1596 773 quid
1618 717 1823 758 futurum
1841 715 1915 770 sit,
1937 715 2058 759 indi-

418 779 555 822 cabit.

508 838 621 881 Rdo.
651 837 774 880 Patri
798 835 998 892 generali
1021 850 1074 880 ac
1096 835 1234 878 totius
1256 834 1386 878 istius
1408 841 1592 878 sanctae
1615 832 1859 878 Societatis
1881 833 2058 890 praeci«
2108 874 2115 882 ,

419 898 506 940 bus
538 904 584 939 et
621 896 852 940 sacrificiis
881 895 1123 951 diligenter
1150 909 1223 938 me
1251 893 1557 938 commendari
1587 900 1706 949 peto:
1741 893 2059 937 Salmeronum

339 1015 341 1018 ι
417 970 600 1012 quoque
623 963 826 998 nostrum
850 956 1016 998 salutet
1037 954 1188 998 verbis
1211 954 1338 1007 meis,
1364 968 1469 996 nam
1491 955 1541 996 P.
1564 953 1772 996 Natalem
1792 953 2057 1009 Augustam

420 1016 674 1072 profectum
703 1029 801 1059 esse
830 1014 1037 1066 arbitror,
1071 1012 1163 1056 cui'
1173 1028 1376 1070 praecor,
1408 1020 1458 1055 vt
1485 1011 1842 1068 quamplurimos
1875 1011 2059 1055 Christo

421 1074 686 1118 lucrifacere
713 1083 864 1129 queat.
899 1076 1024 1116 Bene
1053 1073 1201 1116 valeat
1230 1074 1282 1116 P.
1324 1074 1382 1116 V.
1423 1073 1593 1115 Datum
1627 1086 1682 1115 ex
1720 1078 1872 1113 castro
1904 1078 2060 1115 nostro

421 1133 766 1190 heilspergensi,
792 1132 1043 1176 die-vltima
1065 1132 1222 1176 Marcii
1244 1147 1363 1175 anno
1384 1130 1567 1175 Domini
1589 1145 1623 1173 M
1646 1145 1691 1174 D.
1718 1145 1795 1173 Lx.
1827 1144 1867 1174 V.

511 1195 591 1247 Ea,
617 1207 733 1248 quae
755 1192 935 1236 mittere
957 1191 1081 1235 volui
1103 1206 1205 1234 cvm
1227 1190 1484 1247 elbingensi
1508 1196 1624 1241 acta,
1657 1203 1776 1232 nvnc
1807 1203 1902 1232 non
1929 1189 2065 1232 mitto

428 1259 611 1310 propter
632 1253 794 1295 mvltas
816 1251 1136 1307 occupationes
1158 1265 1296 1294 meas.
1323 1252 1480 1294 Frater
1502 1249 1547 1292 in
1571 1248 1770 1301 Christo,

837 1312 1476 1363 STANISLAUS,'CARD1NALIS
1509 1321 1818 1353 VARMIENSIS.

516 1371 758 1426 Iaszscriptio
781 1372 830 1413 in
854 1374 1019 1426 quarta
1035 1370 1233 1427 pagina:
1257 1370 1371 1413 Rdo.
1400 1367 1539 1420 Patri,
1566 1367 1748 1410 domino
1772 1365 2061 1424 Joanni·Po-

427 1431 574 1482 lanco,
615 1444 769 1473 sacrae
807 1429 1066 1486 theologiae
1102 1428 1290 1481 doctori,
1332 1436 1378 1471 et
1414 1426 1654 1473 Societatis
1688 1428 1799 1484 Jesu
1837 1426 2062 1469 cancella-

425 1489 507 1543 rio,
532 1496 639 1541 etc.,
666 1489 713 1531 in
734 1489 916 1532 Christo
939 1488 1069 1531 nobis
1097 1488 1360 1532 charissimo
1388 1495 1434 1532 et
1462 1487 1742 1529 honorando.
1767 1485 1876 1527 Alia
1905 1499 2063 1527 manu:

434 1549 563 1603 1565.
597 1548 892 1605 Helispergh.
933 1549 1071 1592 Card.
1102 1547 1376 1592 varmiense.
1415 1545 1587 1591 Ultimo
1618 1545 1663 1588 di
1694 1547 1866 1588 Marzo.
1905 1543 2063 1601 Sigillz·

421 1609 687 1666 vestigium.

1156 1755 1344 1799 XLVIII

877 1848 1314 1886 STANISLAUS
1353 1847 1607 1886 HOSIUS

1017 1933 1223 1969 cardinalis
1244 1931 1474 1967 varmiensis

902 2031 1043 2062 PATRI
1076 2031 1249 2071 JOANNI
1282 2030 1345 2060 DE
1375 2028 1593 2059 POLANco

843 2106 1140 2159 Petricoviae,
1188 2116 1211 2160 5
1251 2104 1421 2162 Aprilis
1464 2105 1572 2159 1565
1616 2105 1643 2147 ¹.

566 2195 855 2241 Episcoporum
880 2194 1119 2240 jurisdictio
1149 2194 1363 2240 abrogata:
1392 2193 1617 2228 remedium
1636 2192 1761 2226 tantis
1796 2189 1917 2225 malis

1055 2242 1241 2277 adhibere
1265 2241 1436 2288 satagit.

518 2321 631 2364 Rde.
665 2322 800 2363 Pater
827 2319 871 2361 in
911 2319 1093 2363 Christo
1121 2318 1384 2362 charissime
1411 2325 1457 2360 et
1484 2317 1768 2367 honorande,
1799 2316 1991 2358 salutem
2021 2320 2067 2357 et

427 2379 578 2422 omnia
600 2378 789 2423 foelicia.
818 2380 997 2428 Statum
1020 2393 1169 2423 rerum
1191 2377 1266 2420 hic
1287 2384 1541 2420 nostrarum
1571 2383 1616 2420 et
1645 2374 1930 2418 comitiorum
1960 2387 2066 2429 pro-

429 2453 638 2494 gressum
661 2453 754 2481 non
777 2438 936 2481 dubito
960 2438 1070 2493 quin
1094 2440 1146 2481 P.
1168 2439 1291 2481 V,tra
1320 2451 1375 2479 ex
1401 2439 1535 2479 Patre
1558 2435 1824 2478 Balthazaro
1847 2434 1860 2453 2
1886 2432 2067 2476 abunde

428 2497 490 2540 sit
517 2497 778 2554 cognitura3
811 2497 947 2540 michi
975 2497 1118 2549 enim,
1156 2499 1448 2540 uehementer
1477 2500 1719 2549 occupato,
1751 2492 1948 2535 scribere
1976 2505 2068 2534 non

431 2564 580 2610 uacat,
605 2571 690 2600 nec
712 2563 780 2599 est
803 2558 924 2611 quod
953 2557 1026 2600 uel
1054 2562 1176 2600 recte
1198 2555 1354 2608 scribi,
1387 2555 1461 2598 uel
1489 2553 1842 2596 consolationem
1871 2550 2067 2605 aliquam

430 2617 592 2660 afferre
614 2615 769 2671 possit.
799 2616 1010 2658 Proximo
1031 2615 1103 2658 die
1125 2616 1259 2658 lunae
1281 2615 1500 2670 abrogata
1517 2619 1586 2655 est
1602 2611 1914 2667 episcoporum
1931 2608 2065 2652 iuris-
2128 2656 2130 2658 ,

418 2674 559 2718 ditio.
587 2676 722 2719 Nunc
742 2675 971 2717 laboratur
993 2689 1019 2718 a
1040 2674 1186 2726 nobis,
1216 2681 1263 2716 ut
1285 2673 1465 2728 aliquod
1487 2672 1528 2716 ei
1550 2671 1615 2715 rei
1636 2669 1779 2726 possit
1799 2669 1896 2712 fieri
1919 2683 2068 2712 reme-

431 2733 571 2786 dium,
597 2741 643 2776 et
664 2733 801 2777 nichil
823 2748 849 2776 a
872 2749 943 2778 me
965 2741 1010 2777 et
1031 2734 1088 2776 ab
1111 2734 1252 2776 Illmo.
1274 2733 1426 2788 legato
1444 2733 1459 2753 ³
1479 2729 1822 2786 pretermittitur
1839 2726 2006 2771 laboris
2023 2732 2069 2769 et

430 2792 710 2850 diligentiae,
735 2793 815 2837 sed
838 2807 930 2836 non
952 2794 1145 2836 multum
1173 2791 1418 2848 profecisse
1449 2791 1596 2833 adhuc
1619 2788 1839 2840 videmur;
1866 2801 1970 2843 spes
1999 2791 2070 2829 est

506 2950 515 2969 ¹
567 2948 625 2982 Ex
643 2948 869 2993 archetypo,
889 2946 929 2982 in
950 2945 1049 2981 Cod.
1076 2946 1135 2992 38,
1150 2945 1296 2992 duplici
1313 2944 1385 2980 fol.
1409 2952 1471 2979 111
1493 2942 1613 2988 (135).

502 2998 515 3016 ²
566 2995 613 3029 P.
638 2996 839 3030 Balthasar
857 2994 1117 3029 Hostovinus.
1142 2993 1242 3029 Vide
1261 2992 1380 3040 epist.
1403 2990 1488 3037 348,
1507 2995 1547 3026 et
1565 2989 1757 3037 append„
1777 2987 1942 3023 XLVII.

504 3043 519 3063 ³
569 3043 740 3088 Joannes
761 3041 1096 3077 Commendonus.
