2196 3522
1051 297 1142 335 1557
1867 289 1916 335 53

360 391 483 436 Hinc
503 399 574 436 est
595 398 896 436 consecutum
918 397 969 435 vt
990 397 1178 435 coactus
1200 389 1371 434 iudicio
1394 389 1530 434 trium
1552 389 1771 446 iudicum,
1796 390 1916 437 inter

268 483 386 526 quos
408 469 496 513 fuit
516 471 575 514 D.
602 469 871 523 Madridius,
896 476 1004 512 vota
1026 467 1268 513 Societatis
1284 467 1492 512 ediderit:
1513 468 1623 524 quid
1639 468 1714 512 hic
1729 469 1786 512 de
1807 482 1914 514 cae-

271 548 392 591 tero?
412 546 499 590 fuit
526 561 704 604 semper
736 546 911 590 alienus
934 561 960 589 a
983 547 1034 589 P.
1057 544 1252 602 Ignafio,
1283 544 1473 602 ignarus
1509 544 1722 599 instituti,
1754 552 1914 590 conte-

271 638 434 669 mnens
449 623 693 677 sociorum,
703 630 914 668 versatus
930 621 1113 679 quidem
1141 621 1147 680 Ι
1175 622 1222 664 in
1237 621 1503 675 ministerio,
1517 623 1598 667 sed
1613 622 1671 666 de
1686 637 1772 666 suo
1788 623 1913 680 capi-

272 707 333 755 te,
367 708 638 758 arroganter
660 702 719 747 de
746 715 796 745 se
824 700 986 744 solitus
1012 698 1292 757 praedicare,
1317 699 1530 743 doctores
1551 699 1771 745 ecclesiae
1792 699 1913 743 indi-

270 777 377 835 gnis
398 777 552 822 verbis
574 778 817 835 appellare:
837 776 912 821 hic
933 776 1220 821 coadiutores
1254 776 1446 820 famulos
1462 790 1570 819 suos
1587 776 1754 834 dicere:
1774 777 1850 821 hic
1865 777 1914 821 in

268 854 517 899 Germania
538 855 895 912 intemperanter
929 852 1060 897 bibit:
1085 852 1194 896 hinc
1215 852 1327 896 illud
1349 851 1505 896 vinum
1535 853 1908 898 bobadillianum:

267 932 377 976 lusit
404 931 614 976 schachis
647 931 950 989 impatienter:
985 933 1074 974 hoc
1105 931 1415 975 abutebantur
1447 930 1655 987 germani
1686 930 1912 988 principes

269 1024 351 1066 pro
367 1009 588 1063 morione,
609 1024 751 1066 quum
769 1017 922 1053 tamen
939 1008 1035 1066 ipse
1057 1008 1248 1053 instaret
1270 1022 1319 1052 se
1340 1022 1441 1052 esse
1469 1009 1590 1065 apud
1612 1007 1713 1051 illos
1735 1023 1912 1052 summa

269 1085 556 1130 auctoritate:
586 1086 661 1130 hic
687 1086 801 1131 mira
827 1084 1072 1131 insolentia
1105 1086 1350 1130 verborum
1377 1086 1613 1138 vtebatur,
1645 1087 1769 1129 hunc
1797 1100 1911 1142 pue-

269 1177 387 1217 rum,
412 1163 540 1207 illum
562 1163 740 1207 asinum
767 1177 953 1207 vocans:
985 1176 1070 1207 nec
1098 1163 1185 1206 hoc
1213 1161 1395 1216 mirum,
1425 1176 1566 1218 quum
1597 1164 1651 1206 P.
1683 1162 1911 1219 Ignatium

270 1240 536 1298 apellauerit
556 1240 808 1297 sophistam
826 1239 1096 1297 malignum,
1116 1239 1542 1284 adu94lationibus
1562 1239 1799 1283 delinitum
1817 1239 1911 1283 bis-

267 1317 468 1372 cainum3
494 1317 567 1361 hic
588 1317 635 1361 in
656 1318 791 1361 domo
813 1318 1047 1374 prophana
1069 1316 1377 1373 concubinarij
1407 1316 1604 1361 hominis
1631 1318 1831 1361 nudatus
1853 1318 1911 1360 ad

268 1395 462 1438 abollam
490 1409 635 1452 vsque
662 1394 836 1439 ludrice
868 1401 939 1440 est
966 1393 1245 1452 digladiatus
1272 1408 1376 1438 cum
1405 1394 1686 1439 secularibus
1714 1394 1905 1438 homini—

268 1472 370 1516 bus.
397 1471 487 1516 Hic
509 1487 602 1516 non
623 1472 764 1517 semel
786 1471 1009 1530 gloriatus
1031 1479 1102 1517 est
1124 1487 1174 1517 se
1190 1472 1472 1516 sacerdotem
1489 1471 1719 1515 hominem
1736 1471 1784 1514 in
1801 1470 1886 1515 visi

266 1548 441 1594 tatione
463 1550 659 1605 quadam
681 1548 887 1606 patibulo
909 1549 1218 1606 suspendisse,
1244 1556 1290 1592 et
1311 1549 1485 1605 absque
1507 1548 1658 1605 aliqua
1674 1549 1911 1606 dispensa-

265 1626 390 1671 tione
425 1626 609 1670 missam
641 1626 912 1671 celebrasse:
944 1626 1019 1670 hic
1048 1626 1267 1671 ecclesiae
1294 1625 1660 1670 reformationem
1689 1626 1751 1670 ita
1779 1626 1911 1670 insti-

264 1710 396 1749 tuere
416 1703 580 1747 solitus
602 1703 848 1760 aliquando
871 1710 957 1758 est,
982 1711 1032 1747 vt
1055 1717 1284 1747 summum
1311 1703 1574 1761 pontificem
1605 1703 1912 1748 cardinalibus

244 1799 251 1801 <
263 1780 527 1826 subiiceret.

356 1857 461 1903 Alia
482 1857 687 1902 omittam
709 1858 783 1903 hic
812 1866 882 1903 sat
905 1859 1064 1911 multa,
1089 1866 1139 1901 vt
1161 1859 1397 1905 ostendam
1419 1873 1512 1902 non
1534 1858 1740 1916 potuisse
1761 1857 1909 1902 homi-

266 1950 372 1980 nem
407 1934 507 1992 alijs
544 1935 748 1979 moribus
778 1936 1035 1994 praeditum
1068 1943 1159 1980 tam
1183 1935 1399 1981 atrociter
1426 1936 1701 1982 Societatem
1728 1935 1735 1995 Ι
1762 1950 1909 1993 oppu-

265 2027 425 2070 gnare:
450 2019 498 2056 et
513 2012 572 2056 de
588 2011 792 2069 quinque
807 2013 879 2057 his
903 2013 1133 2067 Patribus,
1154 2020 1204 2056 vt
1226 2014 1366 2058 semel
1388 2013 1553 2067 dicam,
1574 2020 1671 2059 erat
1692 2013 1739 2056 in
1761 2012 1908 2057 omni-

264 2090 352 2134 bus
372 2089 618 2147 singularis
649 2090 1029 2153 constitutionum
1052 2097 1098 2135 et
1126 2090 1322 2134 instituti
1347 2090 1590 2148 ignoratio.
1622 2090 1727 2135 Fuit
1755 2097 1908 2134 autem

260 2181 430 2223 operae
451 2166 654 2223 precium
677 2174 724 2212 et
751 2167 959 2220 aliorum,
980 2167 1058 2223 qui
1088 2167 1372 2211 Bobadillam
1402 2169 1729 2225 sequebantur,
1759 2182 1909 2212 mores

260 2243 415 2300 aliqua
436 2259 493 2289 ex
514 2251 643 2301 parte
664 2244 828 2297 notari,
859 2246 869 2266 ¹
889 2252 939 2288 vt
960 2245 1114 2288 nullus
1142 2244 1333 2290 miretur
1353 2244 1392 2289 si
1413 2245 1477 2288 illi
1501 2247 1661 2289 Patres
1683 2244 1790 2288 huic
1817 2247 1906 2288 Bo-

264 2321 459 2366 badillae
479 2321 752 2366 sententiam
781 2329 1098 2378 sequerentur3
1124 2329 1170 2366 et
1198 2329 1349 2366 tamen
1377 2337 1471 2366 non
1502 2323 1662 2367 fraudo
1691 2322 1791 2366 illos
1814 2321 1910 2365 suis

265 2397 493 2452 laudibus,
514 2413 566 2442 ac
588 2413 646 2443 ne
669 2399 951 2444 Bobadillam
974 2399 1174 2457 quidem.

353 2476 425 2520 De
446 2477 501 2519 P.
523 2476 770 2520 Paschasio
786 2483 857 2521 sat
878 2476 954 2532 sit,
973 2478 1096 2534 quod
1117 2477 1329 2535 superius
1351 2477 1462 2532 dixi,
1486 2477 1701 2534 appellari
1724 2477 1906 2521 solitum

264 2566 294 2594 a
318 2542 370 2595 P.
396 2552 575 2608 Ignatio
596 2554 812 2610 angelum
835 2554 1077 2600 Societatis
1098 2562 1284 2612 propter
1311 2555 1510 2599 hominis
1537 2554 1816 2611 singularem
1834 2553 1906 2597 in-

267 2627 542 2673 nocentiam.

356 2706 409 2748 P.
441 2704 600 2750 Simon
626 2721 845 2764 magnum
873 2709 1027 2753 attulit
1056 2710 1255 2754 fructum
1284 2709 1332 2753 in
1363 2708 1662 2766 Portugallia:
1694 2708 1791 2764 ipse
1820 2707 1907 2751 fuit

262 2781 444 2824 initium
466 2781 579 2825 illud
599 2784 828 2830 excellens
848 2786 1030 2843 collegij
1048 2786 1438 2831 conimbricensis.

320 2859 398 2902 95
420 2860 472 2902 Ρ.
502 2859 742 2904 Bobadilla
762 2860 810 2905 in
831 2863 1081 2908 Germania
1101 2865 1261 2917 multa,
1286 2879 1379 2908 non
1400 2864 1550 2908 solum
1580 2862 1798 2920 pericula,
1824 2863 1906 2908 sed
1959 2903 1964 2910 .

264 2936 455 2980 verbera
476 2934 613 2982 etiam
635 2937 776 2980 semel
797 2939 854 2982 ab
882 2940 1122 2985 haereticis
1142 2956 1304 2998 passus
1326 2947 1411 2986 est.
1444 2939 1730 2984 Contradixit
1756 2953 1907 2983 nouae

335 3041 348 3063 ¹
388 3042 468 3088 -M.,
498 3042 657 3078 notaui.
689 3042 817 3079 Aliter
844 3045 944 3081 hanc
973 3046 1212 3083 sententiam
1229 3047 1336 3094 prius
1354 3052 1604 3094 expresserat
1632 3046 1798 3092 Natalis,
1818 3046 1903 3091 sed,

265 3101 425 3137 mutatis
439 3101 526 3138 aliis
543 3102 690 3147 verbis,
709 3103 782 3138 hoc
800 3115 849 3139 ex
866 3105 1063 3142 oblivione
1081 3117 1160 3143 non
1177 3107 1416 3143 emendavit.
