2196 3522
282 316 346 343 100
835 301 974 336 EPIST.
1003 299 1047 334 P.
1076 297 1353 343 NADAL—205

369 418 411 462 5.
475 407 547 449 De
568 419 630 447 vn
648 403 884 454 mancebo,
906 400 1092 445 tentado
1109 399 1166 444 de
1183 413 1362 443 casarse
1380 398 1482 457 (con
1498 404 1627 443 tener
1642 397 1806 454 votos),
1826 409 1918 452 que

280 500 337 541 ay
359 499 416 528 en
439 480 644 534 Colonia,
670 480 856 523 hablara
876 482 903 521 a
920 479 976 522 V.
999 478 1054 520 R.
1075 482 1262 520 nuestro
1280 476 1444 521 Padre.
1465 475 1527 520 Se
1542 474 1771 518 inclinaua
1787 478 1814 518 a
1830 488 1918 530 yn-

281 561 423 605 biarlo
445 564 471 602 a
493 561 652 612 Roma,
677 557 794 600 vltra
815 556 871 599 de
893 555 961 598 105
983 552 1223 599 exercitios
1245 552 1519 610 spirituales,
1539 566 1630 608 que
1645 567 1694 596 se
1716 566 1918 608 pensaua

281 640 323 682 le
344 637 607 695 ayudarian.
633 636 692 679 V.
719 635 773 677 R.
799 632 911 676 mire
933 646 991 675 en
1012 631 1099 676 ello
1121 646 1151 687 y
1173 632 1294 688 haga
1314 631 1359 675 lo
1380 644 1470 686 que
1493 630 1543 673 in
1557 630 1760 673 Domino
1776 629 1819 674 1θ
1836 643 1917 686 pa-

283 715 454 761 reziere
476 711 672 770 espedir.
1720 748 1742 754 .-

378 793 419 836 6.
485 793 556 835 De
583 790 628 832 lo
656 803 745 844 que
773 795 876 831 toca
905 802 930 830 a
958 787 1176 840 Treuere,
1201 789 1306 842 aqui
1343 799 1394 830 se
1429 784 1597 829 dexara
1633 799 1724 828 vna
1759 784 1875 829 letra
1894 787 1922 827 a

288 872 346 914 V.
374 871 426 912 R.
458 870 487 911 ¹.
515 869 719 925 Holgara
741 873 928 910 nuestro
952 865 1100 909 Padre
1122 878 1211 920 que
1239 865 1298 908 d'e
1321 863 1514 908 Colonia
1534 878 1584 908 se
1610 876 1763 918 venga
1791 861 1923 905 dere-

290 949 376 990 cho
409 949 531 1001 aqui,
565 960 594 1001 y
621 946 679 989 de
709 947 814 1000 aqui
846 947 926 1000 yra
954 947 980 986 a
1006 943 1156 986 donde
1184 945 1282 985 esta
1309 941 1352 986 el
1379 940 1648 997 arciouispo.
1683 938 1848 996 Queda
1868 952 1927 982 en

291 1030 404 1076 esta,
429 1021 886 1066 encomendandonos
909 1021 1075 1063 mucho
1098 1034 1155 1064 en
1176 1020 1244 1062 las
1277 1017 1514 1063 oraciones
1541 1032 1572 1074 y
1597 1015 1843 1061 sacrificios
1869 1015 1929 1060 de

294 1103 352 1145 V.
379 1102 453 1153 R.;
479 1115 508 1156 y
530 1105 739 1150 manana,
766 1099 791 1141 8
815 1098 872 1142 de
887 1097 1025 1156 Julio,
1051 1111 1100 1141 se
1122 1096 1289 1153 partita
1311 1102 1499 1139 nuestro
1517 1094 1666 1139 Padre
1682 1097 1708 1137 a
1726 1095 1930 1150 Mogun—

295 1177 372 1230 tia,
404 1176 641 1234 plaziendo
672 1180 698 1218 a
726 1176 813 1218 X.0
845 1176 916 1219 De
944 1176 1161 1227 Treuere,
1194 1185 1219 1228 7
1248 1174 1306 1217 de
1327 1170 1483 1232 Ju[lio]
1517 1172 1644 1227 1562.
1681 1172 1751 1215 De
1778 1171 1837 1214 V.
1869 1170 1925 1215 R.

294 1254 446 1298 sieruo
464 1269 521 1298 en
544 1255 631 1297 X.0
659 1255 748 1296 Por
770 1251 1011 1296 comission
1033 1252 1089 1295 de
1111 1258 1298 1294 nuestro
1321 1251 1468 1294 Padre
1490 1248 1734 1305 preposito,

1089 1327 1118 1386 †
1144 1330 1270 1386 JOAN
1293 1342 1356 1372 DE
1381 1329 1626 1371 POLANco.
1663 1325 1693 1384 †

388 1408 431 1451 A
453 1413 640 1451 nuestro
662 1408 880 1451 hermano
902 1404 1122 1449 Ximenez
1144 1406 1311 1448 mucho
1332 1419 1415 1448 nos
1437 1403 1818 1449 encomendamos
1839 1417 1869 1459 y
1890 1401 1934 1445 al

302 1488 356 1529 P.
383 1484 622 1528 Leonardo
643 1497 731 1526 con
754 1483 884 1526 todos
905 1483 972 1525 los
995 1481 1291 1526 colonienses.

386 1563 595 1618 Despues
618 1561 776 1604 hemos
798 1559 1043 1604 entendido
1065 1573 1155 1614 que
1177 1574 1234 1615 ya
1255 1559 1393 1602 cobro
1415 1559 1458 1603 el
1478 1557 1685 1602 ministro
1702 1557 1777 1602 del
1797 1555 1936 1600 colle-

300 1638 377 1696 gio
399 1638 456 1682 de
479 1639 661 1693 Tornay
685 1647 739 1692 57
761 1636 944 1681 florines
966 1637 1024 1681 de
1046 1637 1114 1679 105
1135 1637 1192 1680 de
1209 1634 1532 1680 Maximiliano.

389 1716 635 1771 Inscriptio
657 1715 708 1756 in
731 1714 876 1756 altera
890 1715 1091 1771 pagina:
1112 1713 1141 1771 †
1164 1712 1274 1757 R.d0
1295 1712 1343 1755 in
1360 1714 1448 1756 X.0
1476 1711 1601 1756 Patri
1617 1710 1802 1755 domino
1825 1709 1940 1754 Hie-

301 1806 494 1849 ronymo
516 1791 683 1842 Natali,
709 1790 1015 1834 commissario
1037 1790 1239 1848 generali
1270 1789 1512 1835 Societatis
1535 1791 1663 1848 Jesu‚
1688 1795 1776 1832 etc.
1802 1787 1941 1833 Colo-

301 1869 419 1923 niae,
444 1868 491 1913 in
512 1870 650 1912 bursa
672 1867 809 1911 trium
831 1882 1120 1912 coronarum.
1146 1868 1255 1911 Alia
1275 1882 1434 1911 manu:
1468 1867 1595 1922 1562.
1618 1867 1860 1910 Permanet
1877 1864 1940 1908 si-

305 1946 404 2004 gilli
428 1945 690 2002 vestigium.

305 2059 481 2106 penuria,
501 2059 564 2093 vel
579 2057 710 2093 nimiis
725 2056 1011 2093 moderatorum
1026 2057 1348 2104 occupationibus
1362 2057 1543 2093 excusari
1555 2056 1670 2092 facile
1685 2061 1829 2103 potest.
1842 2055 1944 2091 Vide

304 2116 410 2152 dicta
427 2116 468 2151 in
486 2115 697 2163 prooemio,
717 2116 789 2159 ΙΙΙ,
807 2114 843 2160 3;
864 2120 904 2151 et
922 2116 1078 2163 sapiens
1097 2116 1287 2152 monitum
1301 2127 1323 2151 a
1336 2116 1467 2152 Natali
1483 2115 1750 2163 superioribus
1763 2114 1946 2162 frequen—

306 2182 366 2212 ter
383 2176 636 2221 inculcatum,
654 2180 696 2210 ut
715 2175 866 2211 scilicet
883 2186 975 2222 prae
990 2176 1171 2211 omnibus
1186 2175 1313 2211 officio
1327 2187 1398 2212 suo
1413 2180 1520 2211 reete
1535 2174 1783 2222 adimplendo
1798 2174 1946 2210 incum-

306 2237 419 2271 bant.
445 2235 546 2271 Vide
566 2239 594 2270 t.
615 2235 647 2280 Ι,
667 2245 756 2281 pag.
780 2242 862 2280 101,
882 2240 1019 2270 annot.
1044 2244 1079 2270 2.

379 2297 391 2317 ¹
442 2296 502 2330 De
519 2295 638 2329 rebus
656 2306 678 2328 a
697 2294 740 2328 P.
757 2293 879 2329 Nadal
896 2293 1071 2329 Treviris
1084 2294 1224 2340 gestis,
1241 2295 1338 2330 haec
1352 2294 1498 2341 scripta
1517 2294 1630 2330 nobis
1653 2293 1812 2341 reliquit
1826 2293 1947 2339 Aegi-

304 2354 394 2390 dius
409 2355 535 2390 Faber
549 2354 588 2389 in
602 2353 744 2389 litteris
759 2353 1109 2400 quadrimestribus
1123 2353 1296 2389 Treviris
1315 2363 1329 2389 1
1348 2352 1523 2400 Januarii
1540 2352 1630 2399 1563
1643 2353 1759 2389 datis:
1776 2366 1842 2389 «...
1858 2353 1948 2388 Non

307 2424 466 2460 possum
484 2412 577 2459 quin
595 2411 705 2457 illud,
724 2411 800 2448 alio
819 2423 1045 2459 properans,
1060 2412 1234 2449 breuiter
1252 2412 1458 2460 attingam,
1475 2412 1579 2460 quod
1592 2413 1703 2448 illum
1717 2412 1757 2448 in
1769 2405 1948 2449 docendo

307 2472 500 2517 ordinem,
518 2484 634 2519 quem
649 2476 738 2519 post
754 2471 971 2508 discessum
989 2473 1080 2508 hinc
1098 2484 1211 2508 suum
1236 2472 1438 2518 Moguntia
1461 2473 1538 2508 huc
1556 2471 1662 2508 misit
1679 2472 1805 2508 Rdus.
1830 2472 1948 2508 Pater

308 2530 600 2567 commissarius
619 2530 784 2577 Natalis,
803 2531 843 2566 in
867 2532 1048 2567 omnibus
1074 2531 1216 2567 scholis
1242 2532 1514 2576 obseruemus,
1539 2531 1658 2578 idque
1681 2530 1946 2578 strictissime,

309 2591 454 2638 quippe
471 2590 574 2637 quod
590 2589 681 2626 inde
699 2601 901 2637 speremus
919 2592 1129 2627 iuuenibus
1147 2591 1291 2627 nostris
1309 2596 1590 2638 prouenturum
1603 2591 1773 2627 fructum
1787 2591 1950 2628 minime

309 2649 629 2698 poenitendum.»
649 2650 707 2685 Ex
728 2648 822 2685 Cod.
843 2659 909 2697 29,
932 2650 1069 2687 Germ.
1087 2652 1224 2698 Epist.
1243 2651 1318 2697 IV,
1341 2650 1403 2687 181
1421 2650 1540 2698 (309).
