<?xml version="1.0" encoding="UTF-8"?>
<!DOCTYPE html PUBLIC "-//W3C//DTD XHTML 1.0 Transitional//EN"
    "http://www.w3.org/TR/xhtml1/DTD/xhtml1-transitional.dtd">
<html xmlns="http://www.w3.org/1999/xhtml" xml:lang="en" lang="en">
 <head>
  <title>
</title>
<meta http-equiv="Content-Type" content="text/html;charset=utf-8" />
  <meta name='ocr-system' content='tesseract 3.04.00' />
  <meta name='ocr-capabilities' content='ocr_page ocr_carea ocr_par ocr_line ocrx_word'/>
</head>
<body>
  <div class='ocr_page' id='page_1' title='image "./epistolaephieron02nadauoft_0679.png"; bbox 0 0 2196 3522; ppageno 0'>
   <div class='ocr_carea' id='block_1_1' title="bbox 0 0 599 152">
    <p class='ocr_par' dir='ltr' id='par_1_1' title="bbox 0 0 599 152">
     <span class='ocr_line' id='line_1_1' title="bbox 0 0 599 152; baseline 0 3370"><span class='ocrx_word' id='word_1_1' title='bbox 0 0 599 152; x_wconf 95' lang='lat' dir='ltr'><strong> </strong></span> 
     </span>
    </p>
   </div>
   <div class='ocr_carea' id='block_1_2' title="bbox 0 1099 64 3522">
    <p class='ocr_par' dir='ltr' id='par_1_2' title="bbox 0 1099 64 3522">
     <span class='ocr_line' id='line_1_2' title="bbox 0 1099 64 3522; baseline 0 0"><span class='ocrx_word' id='word_1_2' title='bbox 0 1099 64 3522; x_wconf 95' lang='lat' dir='ltr'><strong> </strong></span> 
     </span>
    </p>
   </div>
   <div class='ocr_carea' id='block_1_3' title="bbox 466 0 1350 44">
    <p class='ocr_par' dir='ltr' id='par_1_3' title="bbox 397 0 1350 44">
     <span class='ocr_line' id='line_1_3' title="bbox 466 0 1350 44; baseline -0.006 -11.434"><span class='ocrx_word' id='word_1_3' title='bbox 466 0 551 37; x_wconf 49' lang='lat'><strong>22⁸2.</strong></span> <span class='ocrx_word' id='word_1_4' title='bbox 576 0 825 44; x_wconf 41' lang='lat' dir='ltr'><strong>,srva</strong></span> <span class='ocrx_word' id='word_1_5' title='bbox 842 0 983 26; x_wconf 41' lang='lat' dir='ltr'><strong>a.</strong></span> <span class='ocrx_word' id='word_1_6' title='bbox 1327 2 1350 8; x_wconf 26' lang='grc' dir='ltr'><strong>’ψ</strong></span> 
     </span>
    </p>
   </div>
   <div class='ocr_carea' id='block_1_4' title="bbox 938 275 1866 326">
    <p class='ocr_par' dir='ltr' id='par_1_4' title="bbox 938 275 1866 326">
     <span class='ocr_line' id='line_1_4' title="bbox 938 275 1866 326; baseline 0.003 -14"><span class='ocrx_word' id='word_1_7' title='bbox 938 275 1160 314; x_wconf 70' lang='lat' dir='ltr'><strong>APPEme</strong></span> <span class='ocrx_word' id='word_1_8' title='bbox 1792 278 1866 326; x_wconf 86' lang='lat'><strong>653</strong></span> 
     </span>
    </p>
   </div>
   <div class='ocr_carea' id='block_1_5' title="bbox 228 377 1870 971">
    <p class='ocr_par' dir='ltr' id='par_1_5' title="bbox 228 377 1870 971">
     <span class='ocr_line' id='line_1_5' title="bbox 231 377 1867 437; baseline 0.001 -14"><span class='ocrx_word' id='word_1_9' title='bbox 231 380 274 423; x_wconf 89' lang='lat' dir='ltr'><strong>al</strong></span> <span class='ocrx_word' id='word_1_10' title='bbox 299 380 424 424; x_wconf 88' lang='lat' dir='ltr'><strong>buen</strong></span> <span class='ocrx_word' id='word_1_11' title='bbox 451 378 675 434; x_wconf 87' lang='lat' dir='ltr'><strong>essemplo</strong></span> <span class='ocrx_word' id='word_1_12' title='bbox 702 391 790 434; x_wconf 87' lang='lat' dir='ltr'><strong>que</strong></span> <span class='ocrx_word' id='word_1_13' title='bbox 816 377 966 422; x_wconf 90' lang='lat' dir='ltr'><strong>deuen</strong></span> <span class='ocrx_word' id='word_1_14' title='bbox 994 377 1076 421; x_wconf 88' lang='lat' dir='ltr'><strong>dar</strong></span> <span class='ocrx_word' id='word_1_15' title='bbox 1104 378 1173 421; x_wconf 95' lang='lat' dir='ltr'><strong>los</strong></span> <span class='ocrx_word' id='word_1_16' title='bbox 1201 378 1259 422; x_wconf 92' lang='lat' dir='ltr'><strong>de</strong></span> <span class='ocrx_word' id='word_1_17' title='bbox 1294 378 1338 422; x_wconf 89' lang='lat' dir='ltr'><strong>la</strong></span> <span class='ocrx_word' id='word_1_18' title='bbox 1366 379 1619 436; x_wconf 78' lang='lat' dir='ltr'><strong>Compafiia</strong></span> <span class='ocrx_word' id='word_1_19' title='bbox 1652 395 1742 437; x_wconf 91' lang='lat' dir='ltr'><strong>que</strong></span> <span class='ocrx_word' id='word_1_20' title='bbox 1769 388 1867 425; x_wconf 90' lang='lat' dir='ltr'><strong>este</strong></span> 
     </span>
     <span class='ocr_line' id='line_1_6' title="bbox 231 436 1867 497; baseline 0.001 -15"><span class='ocrx_word' id='word_1_21' title='bbox 231 439 453 483; x_wconf 89' lang='lat' dir='ltr'><strong>mancebo</strong></span> <span class='ocrx_word' id='word_1_22' title='bbox 475 451 525 481; x_wconf 92' lang='lat' dir='ltr'><strong>se</strong></span> <span class='ocrx_word' id='word_1_23' title='bbox 546 436 878 482; x_wconf 85' lang='lat' dir='ltr'><strong>entretubiesse</strong></span> <span class='ocrx_word' id='word_1_24' title='bbox 899 440 1004 492; x_wconf 90' lang='lat' dir='ltr'><strong>aqui</strong></span> <span class='ocrx_word' id='word_1_25' title='bbox 1032 441 1129 480; x_wconf 84' lang='lat' dir='ltr'><strong>mas</strong></span> <span class='ocrx_word' id='word_1_26' title='bbox 1156 441 1183 481; x_wconf 81' lang='lat' dir='ltr'><strong>a</strong></span> <span class='ocrx_word' id='word_1_27' title='bbox 1207 438 1250 480; x_wconf 89' lang='lat' dir='ltr'><strong>la</strong></span> <span class='ocrx_word' id='word_1_28' title='bbox 1282 438 1410 495; x_wconf 89' lang='lat' dir='ltr'><strong>larga</strong></span> <span class='ocrx_word' id='word_1_29' title='bbox 1438 442 1465 482; x_wconf 77' lang='lat' dir='ltr'><strong>a</strong></span> <span class='ocrx_word' id='word_1_30' title='bbox 1487 446 1636 484; x_wconf 88' lang='lat' dir='ltr'><strong>costas</strong></span> <span class='ocrx_word' id='word_1_31' title='bbox 1664 441 1802 493; x_wconf 93' lang='lat' dir='ltr'><strong>della,</strong></span> <span class='ocrx_word' id='word_1_32' title='bbox 1837 456 1867 497; x_wconf 91' lang='lat' dir='ltr'>y</span> 
     </span>
     <span class='ocr_line' id='line_1_7' title="bbox 231 489 1868 555; baseline 0.001 -13"><span class='ocrx_word' id='word_1_33' title='bbox 231 502 319 542; x_wconf 87' lang='lat' dir='ltr'><strong>assi</strong></span> <span class='ocrx_word' id='word_1_34' title='bbox 343 496 522 555; x_wconf 86' lang='lat' dir='ltr'><strong>parecio</strong></span> <span class='ocrx_word' id='word_1_35' title='bbox 542 511 592 541; x_wconf 89' lang='lat' dir='ltr'><strong>se</strong></span> <span class='ocrx_word' id='word_1_36' title='bbox 614 503 818 540; x_wconf 87' lang='lat' dir='ltr'><strong>tornasse</strong></span> <span class='ocrx_word' id='word_1_37' title='bbox 840 500 866 540; x_wconf 75' lang='lat' dir='ltr'><strong>a</strong></span> <span class='ocrx_word' id='word_1_38' title='bbox 886 496 1056 540; x_wconf 88' lang='lat' dir='ltr'><strong>embiar</strong></span> <span class='ocrx_word' id='word_1_39' title='bbox 1077 500 1104 539; x_wconf 80' lang='lat' dir='ltr'><strong>a</strong></span> <span class='ocrx_word' id='word_1_40' title='bbox 1120 497 1387 554; x_wconf 86' lang='lat' dir='ltr'><strong>Mallorqua.</strong></span> <span class='ocrx_word' id='word_1_41' title='bbox 1412 489 1467 542; x_wconf 83' lang='lat' dir='ltr'><strong>El</strong></span> <span class='ocrx_word' id='word_1_42' title='bbox 1490 500 1549 542; x_wconf 91' lang='lat' dir='ltr'><strong>ha</strong></span> <span class='ocrx_word' id='word_1_43' title='bbox 1570 499 1748 543; x_wconf 90' lang='lat' dir='ltr'><strong>instado</strong></span> <span class='ocrx_word' id='word_1_44' title='bbox 1764 514 1868 543; x_wconf 92' lang='lat' dir='ltr'><strong>mu-</strong></span> 
     </span>
     <span class='ocr_line' id='line_1_8' title="bbox 231 555 1864 614; baseline 0.001 -12"><span class='ocrx_word' id='word_1_45' title='bbox 231 560 318 602; x_wconf 90' lang='lat' dir='ltr'><strong>cho</strong></span> <span class='ocrx_word' id='word_1_46' title='bbox 340 571 430 614; x_wconf 93' lang='lat' dir='ltr'><strong>que</strong></span> <span class='ocrx_word' id='word_1_47' title='bbox 450 571 532 613; x_wconf 92' lang='lat' dir='ltr'><strong>por</strong></span> <span class='ocrx_word' id='word_1_48' title='bbox 553 557 694 613; x_wconf 80' lang='lat' dir='ltr'><strong>algun</strong></span> <span class='ocrx_word' id='word_1_49' title='bbox 717 555 883 612; x_wconf 88' lang='lat' dir='ltr'><strong>tiempo</strong></span> <span class='ocrx_word' id='word_1_50' title='bbox 905 556 1088 599; x_wconf 87' lang='lat' dir='ltr'><strong>todauia</strong></span> <span class='ocrx_word' id='word_1_51' title='bbox 1109 556 1152 599; x_wconf 92' lang='grc'><strong>16</strong></span> <span class='ocrx_word' id='word_1_52' title='bbox 1174 563 1362 614; x_wconf 88' lang='lat' dir='ltr'><strong>tengan,</strong></span> <span class='ocrx_word' id='word_1_53' title='bbox 1386 573 1417 614; x_wconf 87' lang='lat' dir='ltr'><strong>y</strong></span> <span class='ocrx_word' id='word_1_54' title='bbox 1438 561 1527 601; x_wconf 88' lang='lat' dir='ltr'><strong>assi</strong></span> <span class='ocrx_word' id='word_1_55' title='bbox 1550 573 1600 603; x_wconf 93' lang='lat' dir='ltr'><strong>se</strong></span> <span class='ocrx_word' id='word_1_56' title='bbox 1622 561 1680 602; x_wconf 89' lang='lat' dir='ltr'><strong>ha</strong></span> <span class='ocrx_word' id='word_1_57' title='bbox 1702 561 1864 603; x_wconf 92' lang='lat' dir='ltr'><strong>hecho.</strong></span> 
     </span>
     <span class='ocr_line' id='line_1_9' title="bbox 232 616 1869 674; baseline 0 -12"><span class='ocrx_word' id='word_1_58' title='bbox 232 618 351 662; x_wconf 85' lang='lat' dir='ltr'>Creo</span> <span class='ocrx_word' id='word_1_59' title='bbox 383 619 592 673; x_wconf 78' lang='lat' dir='ltr'><strong>esperara</strong></span> <span class='ocrx_word' id='word_1_60' title='bbox 627 616 796 672; x_wconf 87' lang='lat' dir='ltr'><strong>alguna</strong></span> <span class='ocrx_word' id='word_1_61' title='bbox 832 622 1066 671; x_wconf 88' lang='lat' dir='ltr'><strong>respuesta</strong></span> <span class='ocrx_word' id='word_1_62' title='bbox 1098 616 1155 659; x_wconf 93' lang='lat' dir='ltr'><strong>de</strong></span> <span class='ocrx_word' id='word_1_63' title='bbox 1183 617 1435 672; x_wconf 87' lang='lat' dir='ltr'><strong>Mallorqua</strong></span> <span class='ocrx_word' id='word_1_64' title='bbox 1462 618 1520 660; x_wconf 93' lang='lat' dir='ltr'><strong>de</strong></span> <span class='ocrx_word' id='word_1_65' title='bbox 1547 618 1591 660; x_wconf 94' lang='grc'><strong>10</strong></span> <span class='ocrx_word' id='word_1_66' title='bbox 1623 633 1711 674; x_wconf 84' lang='lat' dir='ltr'><strong>que</strong></span> <span class='ocrx_word' id='word_1_67' title='bbox 1743 620 1869 662; x_wconf 87' lang='lat' dir='ltr'><strong>abria</strong></span> 
     </span>
     <span class='ocr_line' id='line_1_10' title="bbox 230 674 1870 733; baseline 0.001 -12"><span class='ocrx_word' id='word_1_68' title='bbox 230 676 441 733; x_wconf 85' lang='lat' dir='ltr'><strong>escript03</strong></span> <span class='ocrx_word' id='word_1_69' title='bbox 466 690 511 732; x_wconf 89' lang='lat' dir='ltr'><strong>y,</strong></span> <span class='ocrx_word' id='word_1_70' title='bbox 532 689 704 731; x_wconf 91' lang='lat' dir='ltr'><strong>porque</strong></span> <span class='ocrx_word' id='word_1_71' title='bbox 720 674 876 731; x_wconf 88' lang='lat' dir='ltr'><strong>podria</strong></span> <span class='ocrx_word' id='word_1_72' title='bbox 893 689 966 719; x_wconf 92' lang='lat' dir='ltr'><strong>ser</strong></span> <span class='ocrx_word' id='word_1_73' title='bbox 982 688 1071 730; x_wconf 92' lang='lat' dir='ltr'><strong>que</strong></span> <span class='ocrx_word' id='word_1_74' title='bbox 1092 675 1179 718; x_wconf 81' lang='lat' dir='ltr'><strong>alla</strong></span> <span class='ocrx_word' id='word_1_75' title='bbox 1195 690 1245 720; x_wconf 91' lang='lat' dir='ltr'><strong>se</strong></span> <span class='ocrx_word' id='word_1_76' title='bbox 1261 675 1550 720; x_wconf 90' lang='lat' dir='ltr'><strong>entiendesse</strong></span> <span class='ocrx_word' id='word_1_77' title='bbox 1567 685 1664 720; x_wconf 91' lang='lat' dir='ltr'><strong>esta</strong></span> <span class='ocrx_word' id='word_1_78' title='bbox 1681 678 1870 722; x_wconf 89' lang='lat' dir='ltr'><strong>historia</strong></span> 
     </span>
     <span class='ocr_line' id='line_1_11' title="bbox 229 733 1870 792; baseline 0.001 -13"><span class='ocrx_word' id='word_1_79' title='bbox 229 738 286 780; x_wconf 91' lang='lat' dir='ltr'><strong>de</strong></span> <span class='ocrx_word' id='word_1_80' title='bbox 307 743 405 780; x_wconf 86' lang='lat' dir='ltr'><strong>otra</strong></span> <span class='ocrx_word' id='word_1_81' title='bbox 427 749 627 789; x_wconf 87' lang='lat' dir='ltr'><strong>manera,</strong></span> <span class='ocrx_word' id='word_1_82' title='bbox 651 738 752 778; x_wconf 80' lang='lat' dir='ltr'><strong>sera</strong></span> <span class='ocrx_word' id='word_1_83' title='bbox 772 733 878 778; x_wconf 87' lang='lat' dir='ltr'><strong>bien</strong></span> <span class='ocrx_word' id='word_1_84' title='bbox 900 747 988 790; x_wconf 92' lang='lat' dir='ltr'><strong>que</strong></span> <span class='ocrx_word' id='word_1_85' title='bbox 1010 735 1068 778; x_wconf 93' lang='lat' dir='ltr'><strong>V.</strong></span> <span class='ocrx_word' id='word_1_86' title='bbox 1095 736 1150 778; x_wconf 88' lang='lat' dir='ltr'><strong>R.</strong></span> <span class='ocrx_word' id='word_1_87' title='bbox 1176 734 1324 779; x_wconf 87' lang='lat' dir='ltr'><strong>embie</strong></span> <span class='ocrx_word' id='word_1_88' title='bbox 1346 735 1389 778; x_wconf 92' lang='grc'><strong>16</strong></span> <span class='ocrx_word' id='word_1_89' title='bbox 1418 744 1629 792; x_wconf 79' lang='lat' dir='ltr'><strong>presente</strong></span> <span class='ocrx_word' id='word_1_90' title='bbox 1656 738 1697 780; x_wconf 92' lang='lat' dir='ltr'><strong>al</strong></span> <span class='ocrx_word' id='word_1_91' title='bbox 1721 746 1870 781; x_wconf 89' lang='lat' dir='ltr'><strong>rector</strong></span> 
     </span>
     <span class='ocr_line' id='line_1_12' title="bbox 229 793 1868 852; baseline 0.001 -13"><span class='ocrx_word' id='word_1_92' title='bbox 229 796 286 839; x_wconf 92' lang='lat' dir='ltr'><strong>de</strong></span> <span class='ocrx_word' id='word_1_93' title='bbox 307 796 396 847; x_wconf 86' lang='lat' dir='ltr'><strong>alli,</strong></span> <span class='ocrx_word' id='word_1_94' title='bbox 422 808 529 850; x_wconf 89' lang='lat' dir='ltr'><strong>para</strong></span> <span class='ocrx_word' id='word_1_95' title='bbox 551 808 639 849; x_wconf 92' lang='lat' dir='ltr'><strong>que</strong></span> <span class='ocrx_word' id='word_1_96' title='bbox 660 796 756 837; x_wconf 79' lang='grc'>6316</span> <span class='ocrx_word' id='word_1_97' title='bbox 777 794 1039 836; x_wconf 85' lang='lat' dir='ltr'><strong>enformado</strong></span> <span class='ocrx_word' id='word_1_98' title='bbox 1059 793 1118 837; x_wconf 94' lang='lat' dir='ltr'><strong>de</strong></span> <span class='ocrx_word' id='word_1_99' title='bbox 1138 794 1182 836; x_wconf 97' lang='grc'><strong>10</strong></span> <span class='ocrx_word' id='word_1_100' title='bbox 1205 808 1295 849; x_wconf 91' lang='lat' dir='ltr'><strong>que</strong></span> <span class='ocrx_word' id='word_1_101' title='bbox 1326 809 1481 850; x_wconf 88' lang='lat' dir='ltr'><strong>passa,</strong></span> <span class='ocrx_word' id='word_1_102' title='bbox 1515 811 1544 852; x_wconf 87' lang='lat' dir='ltr'><strong>y</strong></span> <span class='ocrx_word' id='word_1_103' title='bbox 1566 811 1623 840; x_wconf 91' lang='lat' dir='ltr'><strong>en</strong></span> <span class='ocrx_word' id='word_1_104' title='bbox 1647 797 1690 839; x_wconf 95' lang='grc'><strong>10</strong></span> <span class='ocrx_word' id='word_1_105' title='bbox 1711 797 1868 840; x_wconf 79' lang='lat' dir='ltr'><strong>demas</strong></span> 
     </span>
     <span class='ocr_line' id='line_1_13' title="bbox 228 852 1869 912; baseline 0.001 -14"><span class='ocrx_word' id='word_1_106' title='bbox 228 853 621 899; x_wconf 79' lang='lat' dir='ltr'><strong>encommiendase</strong></span> <span class='ocrx_word' id='word_1_107' title='bbox 643 857 668 896; x_wconf 78' lang='lat' dir='ltr'><strong>a</strong></span> <span class='ocrx_word' id='word_1_108' title='bbox 688 853 732 896; x_wconf 94' lang='grc'><strong>16</strong></span> <span class='ocrx_word' id='word_1_109' title='bbox 753 852 967 896; x_wconf 81' lang='lat' dir='ltr'><strong>charidad</strong></span> <span class='ocrx_word' id='word_1_110' title='bbox 989 853 1046 896; x_wconf 92' lang='lat' dir='ltr'><strong>de</strong></span> <span class='ocrx_word' id='word_1_111' title='bbox 1068 854 1125 896; x_wconf 91' lang='lat' dir='ltr'><strong>V.</strong></span> <span class='ocrx_word' id='word_1_112' title='bbox 1151 854 1206 897; x_wconf 88' lang='lat' dir='ltr'><strong>R.</strong></span> <span class='ocrx_word' id='word_1_113' title='bbox 1233 854 1276 896; x_wconf 92' lang='lat' dir='ltr'><strong>el</strong></span> <span class='ocrx_word' id='word_1_114' title='bbox 1298 860 1426 899; x_wconf 88' lang='lat' dir='ltr'><strong>tener</strong></span> <span class='ocrx_word' id='word_1_115' title='bbox 1449 862 1616 898; x_wconf 91' lang='lat' dir='ltr'><strong>cuenta</strong></span> <span class='ocrx_word' id='word_1_116' title='bbox 1633 870 1719 899; x_wconf 89' lang='lat' dir='ltr'><strong>con</strong></span> <span class='ocrx_word' id='word_1_117' title='bbox 1736 857 1869 912; x_wconf 90' lang='lat' dir='ltr'><strong>aquel</strong></span> 
     </span>
     <span class='ocr_line' id='line_1_14' title="bbox 231 911 1298 971; baseline -0.001 -14"><span class='ocrx_word' id='word_1_118' title='bbox 231 913 478 971; x_wconf 89' lang='lat' dir='ltr'><strong>collegio...</strong></span> <span class='ocrx_word' id='word_1_119' title='bbox 503 914 573 957; x_wconf 95' lang='lat' dir='ltr'><strong>De</strong></span> <span class='ocrx_word' id='word_1_120' title='bbox 594 914 752 965; x_wconf 91' lang='lat' dir='ltr'><strong>Roma,</strong></span> <span class='ocrx_word' id='word_1_121' title='bbox 777 911 807 954; x_wconf 96' lang='grc'><strong>11</strong></span> <span class='ocrx_word' id='word_1_122' title='bbox 831 924 888 966; x_wconf 89' lang='lat'><strong>24</strong></span> <span class='ocrx_word' id='word_1_123' title='bbox 916 912 959 955; x_wconf 91' lang='lat' dir='ltr'><strong>di</strong></span> <span class='ocrx_word' id='word_1_124' title='bbox 989 911 1146 968; x_wconf 91' lang='lat' dir='ltr'><strong>Aprile</strong></span> <span class='ocrx_word' id='word_1_125' title='bbox 1170 913 1298 968; x_wconf 88' lang='lat'><strong>1564.</strong></span> 
     </span>
    </p>
   </div>
   <div class='ocr_carea' id='block_1_6' title="bbox 769 1074 1320 1211">
    <p class='ocr_par' dir='ltr' id='par_1_6' title="bbox 769 1074 1320 1211">
     <span class='ocr_line' id='line_1_15' title="bbox 923 1074 1164 1117; baseline 0 -1"><span class='ocrx_word' id='word_1_126' title='bbox 923 1074 1164 1117; x_wconf 92' lang='lat' dir='ltr'>XXXVIII</span> 
     </span>
     <span class='ocr_line' id='line_1_16' title="bbox 769 1166 1320 1211; baseline 0.002 -2"><span class='ocrx_word' id='word_1_127' title='bbox 769 1174 814 1210; x_wconf 89' lang='lat' dir='ltr'><strong>B.</strong></span> <span class='ocrx_word' id='word_1_128' title='bbox 828 1166 1045 1211; x_wconf 83' lang='lat' dir='ltr'><strong>¹PETRUS</strong></span> <span class='ocrx_word' id='word_1_129' title='bbox 1070 1173 1320 1211; x_wconf 89' lang='lat' dir='ltr'>CANISIUS</span> 
     </span>
    </p>
   </div>
   <div class='ocr_carea' id='block_1_7' title="bbox 645 1277 1449 1411">
    <p class='ocr_par' dir='ltr' id='par_1_7' title="bbox 645 1277 1449 1411">
     <span class='ocr_line' id='line_1_17' title="bbox 645 1277 1449 1318; baseline 0 -10"><span class='ocrx_word' id='word_1_130' title='bbox 645 1278 844 1308; x_wconf 80' lang='lat' dir='ltr'>PATRI</span> <span class='ocrx_word' id='word_1_131' title='bbox 891 1277 1150 1318; x_wconf 84' lang='lat' dir='ltr'>JACOBO</span> <span class='ocrx_word' id='word_1_132' title='bbox 1198 1278 1449 1308; x_wconf 79' lang='lat' dir='ltr'>LAINEz</span> 
     </span>
     <span class='ocr_line' id='line_1_18' title="bbox 674 1353 1403 1411; baseline 0 -14"><span class='ocrx_word' id='word_1_133' title='bbox 674 1355 932 1411; x_wconf 84' lang='lat' dir='ltr'><strong>Augustae,</strong></span> <span class='ocrx_word' id='word_1_134' title='bbox 960 1366 1016 1410; x_wconf 83' lang='lat'><strong>29</strong></span> <span class='ocrx_word' id='word_1_135' title='bbox 1038 1353 1208 1410; x_wconf 86' lang='lat' dir='ltr'><strong>Aprilis</strong></span> <span class='ocrx_word' id='word_1_136' title='bbox 1236 1355 1348 1409; x_wconf 85' lang='lat'><strong>1564</strong></span> <span class='ocrx_word' id='word_1_137' title='bbox 1374 1355 1403 1397; x_wconf 91' lang='lat'><strong>¹.</strong></span> 
     </span>
    </p>
   </div>
   <div class='ocr_carea' id='block_1_8' title="bbox 227 1432 1865 1535">
    <p class='ocr_par' dir='ltr' id='par_1_8' title="bbox 227 1432 1865 1535">
     <span class='ocr_line' id='line_1_19' title="bbox 227 1432 1865 1490; baseline -0.001 -10"><span class='ocrx_word' id='word_1_138' title='bbox 227 1443 388 1480; x_wconf 80' lang='lat' dir='ltr'><strong>Natalis</strong></span> <span class='ocrx_word' id='word_1_139' title='bbox 400 1446 642 1480; x_wconf 82' lang='lat' dir='ltr'><strong>curaturum</strong></span> <span class='ocrx_word' id='word_1_140' title='bbox 655 1454 694 1478; x_wconf 86' lang='lat' dir='ltr'><strong>se</strong></span> <span class='ocrx_word' id='word_1_141' title='bbox 703 1432 893 1490; x_wconf 78' lang='lat' dir='ltr'><strong>promisit</strong></span> <span class='ocrx_word' id='word_1_142' title='bbox 910 1442 1128 1490; x_wconf 79' lang='lat' dir='ltr'><strong>ampliores</strong></span> <span class='ocrx_word' id='word_1_143' title='bbox 1141 1442 1237 1478; x_wconf 86' lang='lat' dir='ltr'><strong>dari</strong></span> <span class='ocrx_word' id='word_1_144' title='bbox 1246 1442 1473 1490; x_wconf 70' lang='lat' dir='ltr'><strong>facultates</strong></span> <span class='ocrx_word' id='word_1_145' title='bbox 1483 1445 1559 1489; x_wconf 77' lang='lat' dir='ltr'><strong>pro</strong></span> <span class='ocrx_word' id='word_1_146' title='bbox 1572 1443 1865 1479; x_wconf 79' lang='lat' dir='ltr'><strong>haereticorum</strong></span> 
     </span>
     <span class='ocr_line' id='line_1_20' title="bbox 320 1489 1759 1535; baseline -0.001 -7"><span class='ocrx_word' id='word_1_147' title='bbox 320 1491 643 1528; x_wconf 82' lang='lat' dir='ltr'><strong>reconciliatione</strong></span> <span class='ocrx_word' id='word_1_148' title='bbox 659 1491 703 1526; x_wconf 81' lang='lat' dir='ltr'><strong>in</strong></span> <span class='ocrx_word' id='word_1_149' title='bbox 725 1489 963 1526; x_wconf 86' lang='lat' dir='ltr'><strong><em>Germania:</em></strong></span> <span class='ocrx_word' id='word_1_150' title='bbox 983 1491 1031 1525; x_wconf 84' lang='lat' dir='ltr'><strong>de</strong></span> <span class='ocrx_word' id='word_1_151' title='bbox 1050 1490 1140 1525; x_wconf 89' lang='grc' dir='ltr'><strong>ΡΡ.</strong></span> <span class='ocrx_word' id='word_1_152' title='bbox 1167 1490 1376 1535; x_wconf 83' lang='lat' dir='ltr'><strong>Schoritio,</strong></span> <span class='ocrx_word' id='word_1_153' title='bbox 1397 1490 1498 1525; x_wconf 86' lang='lat' dir='ltr'><strong>Pisa</strong></span> <span class='ocrx_word' id='word_1_154' title='bbox 1515 1493 1551 1525; x_wconf 81' lang='lat' dir='ltr'><strong>et</strong></span> <span class='ocrx_word' id='word_1_155' title='bbox 1570 1491 1759 1527; x_wconf 81' lang='lat' dir='ltr'><strong>Peltano.</strong></span> 
     </span>
    </p>
   </div>
   <div class='ocr_carea' id='block_1_9' title="bbox 225 1567 1863 2099">
    <p class='ocr_par' dir='ltr' id='par_1_9' title="bbox 225 1567 1863 2043">
     <span class='ocr_line' id='line_1_21' title="bbox 321 1567 1863 1626; baseline -0.001 -13"><span class='ocrx_word' id='word_1_156' title='bbox 321 1569 481 1615; x_wconf 90' lang='lat' dir='ltr'><strong>...Scio</strong></span> <span class='ocrx_word' id='word_1_157' title='bbox 518 1568 752 1626; x_wconf 89' lang='lat' dir='ltr'><strong>episcopos</strong></span> <span class='ocrx_word' id='word_1_158' title='bbox 787 1568 862 1612; x_wconf 91' lang='lat' dir='ltr'><strong>hic</strong></span> <span class='ocrx_word' id='word_1_159' title='bbox 898 1569 1091 1612; x_wconf 90' lang='lat' dir='ltr'><strong>multum</strong></span> <span class='ocrx_word' id='word_1_160' title='bbox 1130 1569 1296 1622; x_wconf 89' lang='lat' dir='ltr'><strong>ualere,</strong></span> <span class='ocrx_word' id='word_1_161' title='bbox 1336 1568 1417 1612; x_wconf 89' lang='lat' dir='ltr'><strong>sed</strong></span> <span class='ocrx_word' id='word_1_162' title='bbox 1453 1567 1767 1612; x_wconf 85' lang='lat' dir='ltr'><strong>destituuntur</strong></span> <span class='ocrx_word' id='word_1_163' title='bbox 1800 1568 1863 1612; x_wconf 91' lang='lat' dir='ltr'><strong>illi</strong></span> 
     </span>
     <span class='ocr_line' id='line_1_22' title="bbox 226 1623 1863 1687; baseline -0.001 -14"><span class='ocrx_word' id='word_1_164' title='bbox 226 1644 408 1687; x_wconf 91' lang='lat' dir='ltr'><strong>quoque</strong></span> <span class='ocrx_word' id='word_1_165' title='bbox 431 1629 660 1682; x_wconf 85' lang='lat' dir='ltr'><strong>facultate,</strong></span> <span class='ocrx_word' id='word_1_166' title='bbox 685 1642 819 1684; x_wconf 88' lang='lat' dir='ltr'><strong>quam</strong></span> <span class='ocrx_word' id='word_1_167' title='bbox 842 1627 940 1671; x_wconf 91' lang='lat' dir='ltr'><strong>aliis</strong></span> <span class='ocrx_word' id='word_1_168' title='bbox 961 1627 1309 1684; x_wconf 91' lang='lat' dir='ltr'><strong>subpastoribus</strong></span> <span class='ocrx_word' id='word_1_169' title='bbox 1338 1627 1395 1670; x_wconf 89' lang='lat' dir='ltr'><strong>ad</strong></span> <span class='ocrx_word' id='word_1_170' title='bbox 1423 1623 1726 1674; x_wconf 80' lang='lat' dir='ltr'><strong>absoluen&#39;dos</strong></span> <span class='ocrx_word' id='word_1_171' title='bbox 1754 1630 1863 1672; x_wconf 90' lang='lat' dir='ltr'><strong>hae—</strong></span> 
     </span>
     <span class='ocr_line' id='line_1_23' title="bbox 227 1686 1863 1744; baseline -0.001 -12"><span class='ocrx_word' id='word_1_172' title='bbox 227 1689 389 1732; x_wconf 87' lang='lat' dir='ltr'><strong>reticos</strong></span> <span class='ocrx_word' id='word_1_173' title='bbox 411 1687 681 1744; x_wconf 64' lang='lat' dir='ltr'><strong>largiantur:</strong></span> <span class='ocrx_word' id='word_1_174' title='bbox 710 1689 857 1732; x_wconf 92' lang='lat' dir='ltr'><strong>Vetus</strong></span> <span class='ocrx_word' id='word_1_175' title='bbox 878 1689 1080 1732; x_wconf 85' lang='grc'>63111666</span> <span class='ocrx_word' id='word_1_176' title='bbox 1108 1687 1307 1744; x_wconf 89' lang='lat' dir='ltr'><strong>querela,</strong></span> <span class='ocrx_word' id='word_1_177' title='bbox 1333 1693 1379 1730; x_wconf 92' lang='lat' dir='ltr'><strong>et</strong></span> <span class='ocrx_word' id='word_1_178' title='bbox 1407 1686 1577 1743; x_wconf 88' lang='lat' dir='ltr'><strong>optime</strong></span> <span class='ocrx_word' id='word_1_179' title='bbox 1599 1694 1706 1730; x_wconf 89' lang='lat' dir='ltr'><strong>nota</strong></span> <span class='ocrx_word' id='word_1_180' title='bbox 1738 1688 1863 1731; x_wconf 90' lang='lat' dir='ltr'><strong>Patri</strong></span> 
     </span>
     <span class='ocr_line' id='line_1_24' title="bbox 227 1746 1859 1804; baseline -0.001 -13"><span class='ocrx_word' id='word_1_181' title='bbox 227 1747 550 1800; x_wconf 83' lang='lat' dir='ltr'>commissario,</span> <span class='ocrx_word' id='word_1_182' title='bbox 575 1747 652 1803; x_wconf 88' lang='lat' dir='ltr'><strong>qui</strong></span> <span class='ocrx_word' id='word_1_183' title='bbox 674 1746 878 1804; x_wconf 87' lang='lat' dir='ltr'><strong>promisit</strong></span> <span class='ocrx_word' id='word_1_184' title='bbox 899 1746 1140 1803; x_wconf 90' lang='lat' dir='ltr'><strong>aliquando</strong></span> <span class='ocrx_word' id='word_1_185' title='bbox 1162 1761 1212 1791; x_wconf 93' lang='lat' dir='ltr'><strong>se</strong></span> <span class='ocrx_word' id='word_1_186' title='bbox 1228 1746 1402 1789; x_wconf 90' lang='lat' dir='ltr'><strong>ratione</strong></span> <span class='ocrx_word' id='word_1_187' title='bbox 1418 1747 1614 1801; x_wconf 89' lang='lat' dir='ltr'><strong>quadam</strong></span> <span class='ocrx_word' id='word_1_188' title='bbox 1632 1756 1859 1801; x_wconf 88' lang='lat' dir='ltr'><strong>acturum,</strong></span> 
     </span>
     <span class='ocr_line' id='line_1_25' title="bbox 227 1805 1862 1863; baseline 0 -12"><span class='ocrx_word' id='word_1_189' title='bbox 227 1814 278 1851; x_wconf 91' lang='lat' dir='ltr'><strong>ut</strong></span> <span class='ocrx_word' id='word_1_190' title='bbox 298 1807 418 1850; x_wconf 86' lang='lat' dir='ltr'><strong>circa</strong></span> <span class='ocrx_word' id='word_1_191' title='bbox 438 1821 654 1850; x_wconf 86' lang='lat' dir='ltr'><strong>censuras</strong></span> <span class='ocrx_word' id='word_1_192' title='bbox 675 1805 1002 1851; x_wconf 90' lang='lat' dir='ltr'><strong>ecclesiasticas</strong></span> <span class='ocrx_word' id='word_1_193' title='bbox 1023 1820 1127 1849; x_wconf 92' lang='lat' dir='ltr'><strong>cum</strong></span> <span class='ocrx_word' id='word_1_194' title='bbox 1150 1805 1380 1862; x_wconf 89' lang='lat' dir='ltr'><strong>germanis</strong></span> <span class='ocrx_word' id='word_1_195' title='bbox 1402 1805 1670 1850; x_wconf 90' lang='lat' dir='ltr'><strong>clementius</strong></span> <span class='ocrx_word' id='word_1_196' title='bbox 1698 1821 1862 1863; x_wconf 89' lang='lat' dir='ltr'><strong>agere-</strong></span> 
     </span>
     <span class='ocr_line' id='line_1_26' title="bbox 226 1864 1862 1923; baseline 0.001 -14"><span class='ocrx_word' id='word_1_197' title='bbox 226 1874 316 1920; x_wconf 92' lang='lat' dir='ltr'><strong>tur,</strong></span> <span class='ocrx_word' id='word_1_198' title='bbox 341 1865 602 1923; x_wconf 89' lang='lat' dir='ltr'><strong>praesertim</strong></span> <span class='ocrx_word' id='word_1_199' title='bbox 626 1873 676 1908; x_wconf 93' lang='lat' dir='ltr'><strong>ut</strong></span> <span class='ocrx_word' id='word_1_200' title='bbox 696 1865 916 1909; x_wconf 91' lang='lat' dir='ltr'><strong>bonorum</strong></span> <span class='ocrx_word' id='word_1_201' title='bbox 939 1865 1263 1917; x_wconf 92' lang='lat' dir='ltr'><strong>ministrorum,</strong></span> <span class='ocrx_word' id='word_1_202' title='bbox 1299 1864 1377 1921; x_wconf 92' lang='lat' dir='ltr'><strong>qui</strong></span> <span class='ocrx_word' id='word_1_203' title='bbox 1406 1866 1568 1908; x_wconf 89' lang='lat' dir='ltr'><strong>uolunt</strong></span> <span class='ocrx_word' id='word_1_204' title='bbox 1597 1874 1643 1909; x_wconf 88' lang='lat' dir='ltr'><strong>et</strong></span> <span class='ocrx_word' id='word_1_205' title='bbox 1670 1873 1862 1922; x_wconf 88' lang='lat' dir='ltr'><strong>possunt</strong></span> 
     </span>
     <span class='ocr_line' id='line_1_27' title="bbox 225 1923 1863 1977; baseline 0 -9"><span class='ocrx_word' id='word_1_206' title='bbox 225 1941 319 1970; x_wconf 91' lang='lat' dir='ltr'><strong>rem</strong></span> <span class='ocrx_word' id='word_1_207' title='bbox 343 1925 479 1968; x_wconf 92' lang='lat' dir='ltr'><strong>tutari</strong></span> <span class='ocrx_word' id='word_1_208' title='bbox 501 1924 783 1977; x_wconf 83' lang='lat' dir='ltr'><strong>catholicam,</strong></span> <span class='ocrx_word' id='word_1_209' title='bbox 807 1924 949 1968; x_wconf 90' lang='lat' dir='ltr'><strong>maior</strong></span> <span class='ocrx_word' id='word_1_210' title='bbox 970 1924 1084 1968; x_wconf 91' lang='lat' dir='ltr'><strong>ratio</strong></span> <span class='ocrx_word' id='word_1_211' title='bbox 1106 1923 1153 1967; x_wconf 92' lang='lat' dir='ltr'><strong>in</strong></span> <span class='ocrx_word' id='word_1_212' title='bbox 1173 1925 1285 1968; x_wconf 88' lang='lat' dir='ltr'><strong>vrbe</strong></span> <span class='ocrx_word' id='word_1_213' title='bbox 1305 1925 1565 1968; x_wconf 89' lang='lat' dir='ltr'><strong>haberetur.</strong></span> <span class='ocrx_word' id='word_1_214' title='bbox 1587 1925 1758 1969; x_wconf 92' lang='lat' dir='ltr'><strong>Verum</strong></span> <span class='ocrx_word' id='word_1_215' title='bbox 1782 1941 1863 1970; x_wconf 86' lang='lat' dir='ltr'><strong>ex-</strong></span> 
     </span>
     <span class='ocr_line' id='line_1_28' title="bbox 225 1983 1636 2043; baseline -0.002 -14"><span class='ocrx_word' id='word_1_216' title='bbox 225 1984 507 2043; x_wconf 81' lang='lat' dir='ltr'><strong>pectabimus</strong></span> <span class='ocrx_word' id='word_1_217' title='bbox 527 1983 743 2027; x_wconf 90' lang='lat' dir='ltr'><strong>iudicium</strong></span> <span class='ocrx_word' id='word_1_218' title='bbox 761 1985 815 2028; x_wconf 91' lang='lat' dir='ltr'><strong>R.</strong></span> <span class='ocrx_word' id='word_1_219' title='bbox 842 1985 896 2027; x_wconf 92' lang='lat' dir='ltr'><strong>T.</strong></span> <span class='ocrx_word' id='word_1_220' title='bbox 922 1991 967 2027; x_wconf 85' lang='lat' dir='ltr'><strong>et</strong></span> <span class='ocrx_word' id='word_1_221' title='bbox 989 1983 1181 2041; x_wconf 86' lang='lat' dir='ltr'><strong>gratiam</strong></span> <span class='ocrx_word' id='word_1_222' title='bbox 1203 1983 1367 2027; x_wconf 90' lang='lat' dir='ltr'><strong>summi</strong></span> <span class='ocrx_word' id='word_1_223' title='bbox 1388 1983 1636 2040; x_wconf 91' lang='lat' dir='ltr'><strong>pastoris...</strong></span> 
     </span>
    </p>

    <p class='ocr_par' dir='ltr' id='par_1_10' title="bbox 314 2042 1860 2099">
     <span class='ocr_line' id='line_1_29' title="bbox 314 2042 1860 2099; baseline -0.001 -11"><span class='ocrx_word' id='word_1_224' title='bbox 314 2046 384 2088; x_wconf 90' lang='lat' dir='ltr'><strong>De</strong></span> <span class='ocrx_word' id='word_1_225' title='bbox 408 2045 460 2087; x_wconf 83' lang='lat' dir='ltr'><strong>P.</strong></span> <span class='ocrx_word' id='word_1_226' title='bbox 492 2042 756 2088; x_wconf 89' lang='lat' dir='ltr'><strong>Schorichio</strong></span> <span class='ocrx_word' id='word_1_227' title='bbox 783 2042 848 2086; x_wconf 90' lang='lat' dir='ltr'><strong>sic</strong></span> <span class='ocrx_word' id='word_1_228' title='bbox 874 2042 1005 2086; x_wconf 91' lang='lat' dir='ltr'><strong>nobis</strong></span> <span class='ocrx_word' id='word_1_229' title='bbox 1036 2043 1234 2097; x_wconf 91' lang='lat' dir='ltr'><strong>uidetur,</strong></span> <span class='ocrx_word' id='word_1_230' title='bbox 1268 2057 1360 2086; x_wconf 92' lang='lat' dir='ltr'><strong>non</strong></span> <span class='ocrx_word' id='word_1_231' title='bbox 1393 2057 1525 2099; x_wconf 93' lang='lat' dir='ltr'><strong>posse</strong></span> <span class='ocrx_word' id='word_1_232' title='bbox 1562 2042 1688 2085; x_wconf 90' lang='lat' dir='ltr'><strong>illum</strong></span> <span class='ocrx_word' id='word_1_233' title='bbox 1728 2043 1860 2087; x_wconf 86' lang='lat' dir='ltr'><strong>facile</strong></span> 
     </span>
    </p>
   </div>
   <div class='ocr_carea' id='block_1_10' title="bbox 225 2101 1929 2158">
    <p class='ocr_par' dir='ltr' id='par_1_11' title="bbox 225 2101 1929 2158">
     <span class='ocr_line' id='line_1_30' title="bbox 225 2101 1929 2158; baseline -0.001 -11"><span class='ocrx_word' id='word_1_234' title='bbox 225 2102 467 2148; x_wconf 89' lang='lat' dir='ltr'><strong>Monachio</strong></span> <span class='ocrx_word' id='word_1_235' title='bbox 497 2101 734 2154; x_wconf 91' lang='lat' dir='ltr'><strong>dimoueri,</strong></span> <span class='ocrx_word' id='word_1_236' title='bbox 773 2101 860 2146; x_wconf 92' lang='lat' dir='ltr'><strong>nisi</strong></span> <span class='ocrx_word' id='word_1_237' title='bbox 891 2103 1035 2147; x_wconf 90' lang='lat' dir='ltr'><strong>altero</strong></span> <span class='ocrx_word' id='word_1_238' title='bbox 1066 2101 1317 2146; x_wconf 90' lang='lat' dir='ltr'><strong>substituto</strong></span> <span class='ocrx_word' id='word_1_239' title='bbox 1345 2101 1679 2146; x_wconf 91' lang='lat' dir='ltr'><strong>concionatore:</strong></span> <span class='ocrx_word' id='word_1_240' title='bbox 1712 2116 1862 2158; x_wconf 87' lang='lat' dir='ltr'><strong>neque</strong></span> <span class='ocrx_word' id='word_1_241' title='bbox 1925 2104 1929 2108; x_wconf 75' lang='grc'><strong><em>’</em></strong></span> 
     </span>
    </p>
   </div>
   <div class='ocr_carea' id='block_1_11' title="bbox 225 2161 1862 2927">
    <p class='ocr_par' dir='ltr' id='par_1_12' title="bbox 225 2161 1862 2927">
     <span class='ocr_line' id='line_1_31' title="bbox 226 2161 1862 2215; baseline 0.001 -10"><span class='ocrx_word' id='word_1_242' title='bbox 226 2169 378 2207; x_wconf 86' lang='grc'>16111611</span> <span class='ocrx_word' id='word_1_243' title='bbox 399 2162 508 2205; x_wconf 87' lang='grc'>36113</span> <span class='ocrx_word' id='word_1_244' title='bbox 536 2161 815 2214; x_wconf 82' lang='grc'>6011116111161,</span> <span class='ocrx_word' id='word_1_245' title='bbox 846 2169 897 2204; x_wconf 89' lang='grc'><strong>111</strong></span> <span class='ocrx_word' id='word_1_246' title='bbox 924 2161 1075 2205; x_wconf 86' lang='grc'>31611111</span> <span class='ocrx_word' id='word_1_247' title='bbox 1107 2161 1214 2205; x_wconf 88' lang='grc'>111116</span> <span class='ocrx_word' id='word_1_248' title='bbox 1246 2161 1413 2206; x_wconf 89' lang='lat' dir='ltr'><strong>rediret</strong></span> <span class='ocrx_word' id='word_1_249' title='bbox 1446 2162 1499 2204; x_wconf 91' lang='lat' dir='ltr'><strong>P.</strong></span> <span class='ocrx_word' id='word_1_250' title='bbox 1533 2161 1772 2215; x_wconf 89' lang='lat' dir='ltr'><strong>Martinus,</strong></span> <span class='ocrx_word' id='word_1_251' title='bbox 1803 2177 1862 2207; x_wconf 92' lang='lat' dir='ltr'><strong>ne</strong></span> 
     </span>
     <span class='ocr_line' id='line_1_32' title="bbox 226 2221 1858 2277; baseline -0.001 -13"><span class='ocrx_word' id='word_1_252' title='bbox 226 2221 570 2274; x_wconf 90' lang='lat' dir='ltr'><strong>tentationibus,</strong></span> <span class='ocrx_word' id='word_1_253' title='bbox 596 2235 708 2276; x_wconf 91' lang='lat' dir='ltr'><strong>quas</strong></span> <span class='ocrx_word' id='word_1_254' title='bbox 729 2227 863 2268; x_wconf 83' lang='lat' dir='ltr'><strong>antea</strong></span> <span class='ocrx_word' id='word_1_255' title='bbox 890 2229 1076 2277; x_wconf 90' lang='lat' dir='ltr'><strong>propter</strong></span> <span class='ocrx_word' id='word_1_256' title='bbox 1102 2228 1323 2264; x_wconf 87' lang='lat' dir='ltr'><strong>rectorem</strong></span> <span class='ocrx_word' id='word_1_257' title='bbox 1355 2227 1401 2265; x_wconf 90' lang='lat' dir='ltr'><strong>et</strong></span> <span class='ocrx_word' id='word_1_258' title='bbox 1432 2221 1650 2277; x_wconf 91' lang='lat' dir='ltr'><strong>populum</strong></span> <span class='ocrx_word' id='word_1_259' title='bbox 1682 2221 1858 2275; x_wconf 89' lang='lat' dir='ltr'><strong>habuit,</strong></span> 
     </span>
     <span class='ocr_line' id='line_1_33' title="bbox 225 2279 1855 2332; baseline 0 -9"><span class='ocrx_word' id='word_1_260' title='bbox 225 2280 389 2324; x_wconf 86' lang='lat' dir='ltr'><strong>iterum</strong></span> <span class='ocrx_word' id='word_1_261' title='bbox 426 2279 707 2332; x_wconf 87' lang='lat' dir='ltr'><strong>subiiciatur,</strong></span> <span class='ocrx_word' id='word_1_262' title='bbox 750 2279 868 2323; x_wconf 91' lang='lat' dir='ltr'><strong>sicut</strong></span> <span class='ocrx_word' id='word_1_263' title='bbox 908 2279 1076 2324; x_wconf 88' lang='lat' dir='ltr'><strong>rectius</strong></span> <span class='ocrx_word' id='word_1_264' title='bbox 1117 2279 1247 2323; x_wconf 92' lang='lat' dir='ltr'><strong>nouit</strong></span> <span class='ocrx_word' id='word_1_265' title='bbox 1285 2282 1422 2324; x_wconf 86' lang='lat' dir='ltr'><strong>Pater</strong></span> <span class='ocrx_word' id='word_1_266' title='bbox 1463 2279 1855 2323; x_wconf 89' lang='lat' dir='ltr'><strong>commissarius...</strong></span> 
     </span>
     <span class='ocr_line' id='line_1_34' title="bbox 226 2338 1859 2396; baseline -0.002 -11"><span class='ocrx_word' id='word_1_267' title='bbox 226 2339 396 2396; x_wconf 90' lang='lat' dir='ltr'><strong>Scripsi</strong></span> <span class='ocrx_word' id='word_1_268' title='bbox 418 2346 645 2396; x_wconf 88' lang='lat' dir='ltr'><strong>postremo</strong></span> <span class='ocrx_word' id='word_1_269' title='bbox 672 2338 951 2395; x_wconf 87' lang='lat' dir='ltr'><strong>Ingolstadii,</strong></span> <span class='ocrx_word' id='word_1_270' title='bbox 983 2354 1056 2384; x_wconf 91' lang='lat' dir='ltr'><strong>me</strong></span> <span class='ocrx_word' id='word_1_271' title='bbox 1083 2341 1175 2383; x_wconf 90' lang='lat' dir='ltr'><strong>huc</strong></span> <span class='ocrx_word' id='word_1_272' title='bbox 1204 2355 1231 2383; x_wconf 94' lang='lat' dir='ltr'><strong>a</strong></span> <span class='ocrx_word' id='word_1_273' title='bbox 1261 2341 1320 2383; x_wconf 91' lang='lat' dir='ltr'><strong>D.</strong></span> <span class='ocrx_word' id='word_1_274' title='bbox 1352 2340 1568 2396; x_wconf 88' lang='lat' dir='ltr'><strong>Fuggera</strong></span> <span class='ocrx_word' id='word_1_275' title='bbox 1595 2346 1859 2383; x_wconf 89' lang='lat' dir='ltr'><strong>reuocatum</strong></span> 
     </span>
     <span class='ocr_line' id='line_1_35' title="bbox 226 2397 1858 2455; baseline -0.002 -12"><span class='ocrx_word' id='word_1_276' title='bbox 226 2413 342 2453; x_wconf 88' lang='lat' dir='ltr'><strong>esse,</strong></span> <span class='ocrx_word' id='word_1_277' title='bbox 368 2405 419 2442; x_wconf 91' lang='lat' dir='ltr'><strong>ut</strong></span> <span class='ocrx_word' id='word_1_278' title='bbox 441 2398 667 2442; x_wconf 88' lang='lat' dir='ltr'><strong>uisitando</strong></span> <span class='ocrx_word' id='word_1_279' title='bbox 688 2397 752 2440; x_wconf 92' lang='lat' dir='ltr'><strong>illi</strong></span> <span class='ocrx_word' id='word_1_280' title='bbox 774 2398 967 2454; x_wconf 89' lang='lat' dir='ltr'><strong>collegio</strong></span> <span class='ocrx_word' id='word_1_281' title='bbox 988 2413 1082 2442; x_wconf 91' lang='lat' dir='ltr'><strong>non</strong></span> <span class='ocrx_word' id='word_1_282' title='bbox 1104 2398 1330 2455; x_wconf 90' lang='lat' dir='ltr'><strong>potuerim</strong></span> <span class='ocrx_word' id='word_1_283' title='bbox 1353 2405 1456 2441; x_wconf 92' lang='lat' dir='ltr'><strong>octo</strong></span> <span class='ocrx_word' id='word_1_284' title='bbox 1478 2397 1574 2442; x_wconf 92' lang='lat' dir='ltr'><strong>dies</strong></span> <span class='ocrx_word' id='word_1_285' title='bbox 1597 2399 1715 2441; x_wconf 88' lang='lat' dir='ltr'><strong>dare.</strong></span> <span class='ocrx_word' id='word_1_286' title='bbox 1736 2398 1858 2441; x_wconf 88' lang='lat' dir='ltr'><strong>Reli—</strong></span> 
     </span>
     <span class='ocr_line' id='line_1_36' title="bbox 226 2456 1859 2514; baseline -0.001 -13"><span class='ocrx_word' id='word_1_287' title='bbox 226 2458 304 2514; x_wconf 92' lang='lat' dir='ltr'><strong>qui</strong></span> <span class='ocrx_word' id='word_1_288' title='bbox 335 2464 488 2502; x_wconf 90' lang='lat' dir='ltr'><strong>tamen</strong></span> <span class='ocrx_word' id='word_1_289' title='bbox 519 2457 679 2501; x_wconf 89' lang='lat' dir='ltr'><strong>fratres</strong></span> <span class='ocrx_word' id='word_1_290' title='bbox 706 2464 954 2512; x_wconf 88' lang='lat' dir='ltr'><strong>utcumque</strong></span> <span class='ocrx_word' id='word_1_291' title='bbox 983 2457 1248 2513; x_wconf 88' lang='lat' dir='ltr'><strong>tranquillos</strong></span> <span class='ocrx_word' id='word_1_292' title='bbox 1276 2464 1322 2502; x_wconf 90' lang='lat' dir='ltr'><strong>et</strong></span> <span class='ocrx_word' id='word_1_293' title='bbox 1348 2457 1615 2501; x_wconf 88' lang='lat' dir='ltr'><strong>incolumes.</strong></span> <span class='ocrx_word' id='word_1_294' title='bbox 1650 2456 1859 2501; x_wconf 88' lang='lat' dir='ltr'><strong>Satisfeci</strong></span> 
     </span>
     <span class='ocr_line' id='line_1_37' title="bbox 226 2515 1860 2573; baseline -0.002 -11"><span class='ocrx_word' id='word_1_295' title='bbox 226 2517 378 2571; x_wconf 87' lang='lat' dir='ltr'><strong>etiam,</strong></span> <span class='ocrx_word' id='word_1_296' title='bbox 419 2523 471 2559; x_wconf 89' lang='lat' dir='ltr'><strong>ut</strong></span> <span class='ocrx_word' id='word_1_297' title='bbox 507 2516 649 2573; x_wconf 93' lang='lat' dir='ltr'><strong>potui,</strong></span> <span class='ocrx_word' id='word_1_298' title='bbox 688 2515 900 2571; x_wconf 87' lang='lat' dir='ltr'><strong>antiquae</strong></span> <span class='ocrx_word' id='word_1_299' title='bbox 935 2517 1117 2561; x_wconf 91' lang='lat' dir='ltr'><strong>scholae</strong></span> <span class='ocrx_word' id='word_1_300' title='bbox 1153 2516 1502 2573; x_wconf 87' lang='lat' dir='ltr'><strong>professoribus,</strong></span> <span class='ocrx_word' id='word_1_301' title='bbox 1545 2523 1595 2559; x_wconf 89' lang='lat' dir='ltr'><strong>ut</strong></span> <span class='ocrx_word' id='word_1_302' title='bbox 1636 2515 1860 2572; x_wconf 88' lang='lat' dir='ltr'><strong>patienter</strong></span> 
     </span>
     <span class='ocr_line' id='line_1_38' title="bbox 225 2574 1860 2632; baseline -0.001 -13"><span class='ocrx_word' id='word_1_303' title='bbox 225 2582 467 2632; x_wconf 89' lang='lat' dir='ltr'><strong>expectent</strong></span> <span class='ocrx_word' id='word_1_304' title='bbox 489 2575 680 2632; x_wconf 82' lang='lat' dir='ltr'><strong>gratiam</strong></span> <span class='ocrx_word' id='word_1_305' title='bbox 702 2574 749 2618; x_wconf 93' lang='lat' dir='ltr'><strong>in</strong></span> <span class='ocrx_word' id='word_1_306' title='bbox 771 2581 990 2618; x_wconf 89' lang='lat' dir='ltr'><strong>autumno</strong></span> <span class='ocrx_word' id='word_1_307' title='bbox 1011 2575 1234 2632; x_wconf 89' lang='lat' dir='ltr'><strong>sequenti.</strong></span> <span class='ocrx_word' id='word_1_308' title='bbox 1260 2575 1403 2619; x_wconf 93' lang='lat' dir='ltr'><strong>Nouit</strong></span> <span class='ocrx_word' id='word_1_309' title='bbox 1430 2590 1540 2619; x_wconf 90' lang='lat' dir='ltr'><strong>sane</strong></span> <span class='ocrx_word' id='word_1_310' title='bbox 1569 2577 1705 2618; x_wconf 90' lang='lat' dir='ltr'><strong>Pater</strong></span> <span class='ocrx_word' id='word_1_311' title='bbox 1732 2589 1860 2618; x_wconf 83' lang='lat' dir='ltr'><strong>corn—</strong></span> 
     </span>
     <span class='ocr_line' id='line_1_39' title="bbox 225 2633 1856 2691; baseline 0 -13"><span class='ocrx_word' id='word_1_312' title='bbox 225 2634 471 2687; x_wconf 88' lang='lat' dir='ltr'><strong>missarius,</strong></span> <span class='ocrx_word' id='word_1_313' title='bbox 497 2641 599 2691; x_wconf 91' lang='lat' dir='ltr'><strong>post</strong></span> <span class='ocrx_word' id='word_1_314' title='bbox 619 2640 690 2677; x_wconf 89' lang='lat' dir='ltr'><strong>tot</strong></span> <span class='ocrx_word' id='word_1_315' title='bbox 711 2648 854 2677; x_wconf 89' lang='lat' dir='ltr'><strong>annos</strong></span> <span class='ocrx_word' id='word_1_316' title='bbox 874 2633 1034 2679; x_wconf 88' lang='lat' dir='ltr'><strong>merito</strong></span> <span class='ocrx_word' id='word_1_317' title='bbox 1054 2634 1141 2678; x_wconf 91' lang='lat' dir='ltr'><strong>illis</strong></span> <span class='ocrx_word' id='word_1_318' title='bbox 1169 2634 1345 2691; x_wconf 10' lang='lat' dir='ltr'><strong>aliquid,</strong></span> <span class='ocrx_word' id='word_1_319' title='bbox 1366 2635 1709 2679; x_wconf 90' lang='lat' dir='ltr'><strong>concedendum</strong></span> <span class='ocrx_word' id='word_1_320' title='bbox 1739 2649 1856 2687; x_wconf 91' lang='lat' dir='ltr'><strong>esse,</strong></span> 
     </span>
     <span class='ocr_line' id='line_1_40' title="bbox 225 2692 1861 2750; baseline -0.001 -13"><span class='ocrx_word' id='word_1_321' title='bbox 225 2701 276 2737; x_wconf 94' lang='lat' dir='ltr'><strong>ut</strong></span> <span class='ocrx_word' id='word_1_322' title='bbox 298 2694 355 2737; x_wconf 92' lang='lat' dir='ltr'><strong>ad</strong></span> <span class='ocrx_word' id='word_1_323' title='bbox 376 2693 545 2737; x_wconf 90' lang='lat' dir='ltr'><strong>maiora</strong></span> <span class='ocrx_word' id='word_1_324' title='bbox 567 2699 612 2738; x_wconf 90' lang='lat' dir='ltr'><strong>et</strong></span> <span class='ocrx_word' id='word_1_325' title='bbox 633 2693 719 2749; x_wconf 90' lang='lat' dir='ltr'><strong>ipsi</strong></span> <span class='ocrx_word' id='word_1_326' title='bbox 739 2692 889 2736; x_wconf 86' lang='lat' dir='ltr'><strong>studia</strong></span> <span class='ocrx_word' id='word_1_327' title='bbox 911 2699 1158 2747; x_wconf 87' lang='lat' dir='ltr'><strong>transeant,</strong></span> <span class='ocrx_word' id='word_1_328' title='bbox 1183 2701 1229 2737; x_wconf 90' lang='lat' dir='ltr'><strong>et</strong></span> <span class='ocrx_word' id='word_1_329' title='bbox 1255 2693 1442 2750; x_wconf 93' lang='lat' dir='ltr'><strong>propius</strong></span> <span class='ocrx_word' id='word_1_330' title='bbox 1472 2693 1717 2749; x_wconf 86' lang='lat' dir='ltr'><strong>attingant,</strong></span> <span class='ocrx_word' id='word_1_331' title='bbox 1742 2707 1861 2749; x_wconf 83' lang='lat' dir='ltr'><strong>quae</strong></span> 
     </span>
     <span class='ocr_line' id='line_1_41' title="bbox 225 2751 1859 2809; baseline -0.001 -13"><span class='ocrx_word' id='word_1_332' title='bbox 225 2760 332 2797; x_wconf 91' lang='lat' dir='ltr'><strong>sunt</strong></span> <span class='ocrx_word' id='word_1_333' title='bbox 354 2752 496 2796; x_wconf 90' lang='lat' dir='ltr'><strong>nostri</strong></span> <span class='ocrx_word' id='word_1_334' title='bbox 517 2751 762 2796; x_wconf 88' lang='lat' dir='ltr'><strong>instituti...</strong></span> <span class='ocrx_word' id='word_1_335' title='bbox 787 2754 847 2796; x_wconf 92' lang='lat' dir='ltr'><strong>D.</strong></span> <span class='ocrx_word' id='word_1_336' title='bbox 870 2751 1020 2796; x_wconf 89' lang='lat' dir='ltr'><strong>Pisam</strong></span> <span class='ocrx_word' id='word_1_337' title='bbox 1036 2759 1083 2796; x_wconf 90' lang='lat' dir='ltr'><strong>et</strong></span> <span class='ocrx_word' id='word_1_338' title='bbox 1098 2754 1158 2796; x_wconf 90' lang='lat' dir='ltr'><strong>D.</strong></span> <span class='ocrx_word' id='word_1_339' title='bbox 1178 2754 1437 2807; x_wconf 89' lang='lat' dir='ltr'><strong>Peltanum,</strong></span> <span class='ocrx_word' id='word_1_340' title='bbox 1456 2752 1576 2795; x_wconf 91' lang='lat' dir='ltr'><strong>inter</strong></span> <span class='ocrx_word' id='word_1_341' title='bbox 1593 2766 1706 2808; x_wconf 92' lang='lat' dir='ltr'><strong>quos</strong></span> <span class='ocrx_word' id='word_1_342' title='bbox 1723 2766 1859 2809; x_wconf 88' lang='lat' dir='ltr'><strong>saepe</strong></span> 
     </span>
     <span class='ocr_line' id='line_1_42' title="bbox 225 2810 1855 2868; baseline -0.001 -13"><span class='ocrx_word' id='word_1_343' title='bbox 225 2826 316 2856; x_wconf 91' lang='lat' dir='ltr'><strong>non</strong></span> <span class='ocrx_word' id='word_1_344' title='bbox 338 2811 508 2868; x_wconf 91' lang='lat' dir='ltr'><strong>optime</strong></span> <span class='ocrx_word' id='word_1_345' title='bbox 529 2810 760 2864; x_wconf 86' lang='lat' dir='ltr'><strong>conuenit,</strong></span> <span class='ocrx_word' id='word_1_346' title='bbox 786 2810 950 2855; x_wconf 90' lang='lat' dir='ltr'><strong>iterum</strong></span> <span class='ocrx_word' id='word_1_347' title='bbox 972 2811 1127 2855; x_wconf 91' lang='lat' dir='ltr'><strong>studui</strong></span> <span class='ocrx_word' id='word_1_348' title='bbox 1148 2811 1406 2864; x_wconf 88' lang='lat' dir='ltr'><strong>conciliare,</strong></span> <span class='ocrx_word' id='word_1_349' title='bbox 1426 2818 1478 2854; x_wconf 91' lang='lat' dir='ltr'><strong>ut</strong></span> <span class='ocrx_word' id='word_1_350' title='bbox 1494 2826 1673 2854; x_wconf 87' lang='lat' dir='ltr'><strong>omnem</strong></span> <span class='ocrx_word' id='word_1_351' title='bbox 1690 2825 1855 2854; x_wconf 83' lang='lat' dir='ltr'><strong>ranco-</strong></span> 
     </span>
     <span class='ocr_line' id='line_1_43' title="bbox 225 2870 1859 2927; baseline 0.001 -13"><span class='ocrx_word' id='word_1_352' title='bbox 225 2871 286 2914; x_wconf 92' lang='lat' dir='ltr'><strong>ris</strong></span> <span class='ocrx_word' id='word_1_353' title='bbox 307 2878 354 2916; x_wconf 90' lang='lat' dir='ltr'><strong>et</strong></span> <span class='ocrx_word' id='word_1_354' title='bbox 381 2870 667 2916; x_wconf 88' lang='lat' dir='ltr'><strong>emulationis</strong></span> <span class='ocrx_word' id='word_1_355' title='bbox 694 2878 847 2914; x_wconf 89' lang='lat' dir='ltr'><strong>notam</strong></span> <span class='ocrx_word' id='word_1_356' title='bbox 874 2871 1148 2927; x_wconf 85' lang='lat' dir='ltr'><strong>effugerent,</strong></span> <span class='ocrx_word' id='word_1_357' title='bbox 1178 2885 1329 2927; x_wconf 86' lang='lat' dir='ltr'><strong>neque</strong></span> <span class='ocrx_word' id='word_1_358' title='bbox 1356 2872 1469 2915; x_wconf 88' lang='lat' dir='ltr'><strong>alter</strong></span> <span class='ocrx_word' id='word_1_359' title='bbox 1497 2871 1717 2914; x_wconf 92' lang='lat' dir='ltr'><strong>aduersus</strong></span> <span class='ocrx_word' id='word_1_360' title='bbox 1744 2871 1859 2915; x_wconf 88' lang='lat' dir='ltr'><strong>alte-</strong></span> 
     </span>
    </p>
   </div>
   <div class='ocr_carea' id='block_1_12' title="bbox 227 2963 510 2971">
    <p class='ocr_par' dir='ltr' id='par_1_13' title="bbox 227 2963 510 2971">
     <span class='ocr_line' id='line_1_44' title="bbox 227 2963 510 2971; baseline 0 0"><span class='ocrx_word' id='word_1_361' title='bbox 227 2963 510 2971; x_wconf 95' lang='lat' dir='ltr'><strong> </strong></span> 
     </span>
    </p>
   </div>
   <div class='ocr_carea' id='block_1_13' title="bbox 225 3009 1855 3117">
    <p class='ocr_par' dir='ltr' id='par_1_14' title="bbox 225 3009 1855 3117">
     <span class='ocr_line' id='line_1_45' title="bbox 298 3009 1855 3059; baseline -0.003 -10"><span class='ocrx_word' id='word_1_362' title='bbox 298 3016 309 3036; x_wconf 89' lang='lat'>¹</span> <span class='ocrx_word' id='word_1_363' title='bbox 360 3014 419 3049; x_wconf 84' lang='lat' dir='ltr'><strong>Ex</strong></span> <span class='ocrx_word' id='word_1_364' title='bbox 447 3013 680 3059; x_wconf 85' lang='lat' dir='ltr'><strong>archetypo,</strong></span> <span class='ocrx_word' id='word_1_365' title='bbox 707 3010 748 3047; x_wconf 90' lang='lat' dir='ltr'><strong>in</strong></span> <span class='ocrx_word' id='word_1_366' title='bbox 777 3010 913 3058; x_wconf 76' lang='lat' dir='ltr'><strong>Epist.</strong></span> <span class='ocrx_word' id='word_1_367' title='bbox 951 3009 1129 3053; x_wconf 83' lang='lat' dir='ltr'><strong>Canisii,</strong></span> <span class='ocrx_word' id='word_1_368' title='bbox 1160 3011 1195 3057; x_wconf 88' lang='grc' dir='ltr'><strong>Ι,</strong></span> <span class='ocrx_word' id='word_1_369' title='bbox 1227 3010 1295 3057; x_wconf 88' lang='lat'><strong>134</strong></span> <span class='ocrx_word' id='word_1_370' title='bbox 1324 3010 1428 3057; x_wconf 89' lang='lat'><strong>(460,</strong></span> <span class='ocrx_word' id='word_1_371' title='bbox 1461 3011 1546 3057; x_wconf 90' lang='lat'><strong>461,</strong></span> <span class='ocrx_word' id='word_1_372' title='bbox 1576 3009 1720 3057; x_wconf 86' lang='lat'><strong>46[2]).</strong></span> <span class='ocrx_word' id='word_1_373' title='bbox 1751 3009 1855 3046; x_wconf 89' lang='lat' dir='ltr'><strong>Vide</strong></span> 
     </span>
     <span class='ocr_line' id='line_1_46' title="bbox 225 3057 1212 3117; baseline -0.001 -21"><span class='ocrx_word' id='word_1_374' title='bbox 225 3060 345 3117; x_wconf 82' lang='lat' dir='ltr'><strong>epist.</strong></span> <span class='ocrx_word' id='word_1_375' title='bbox 369 3061 453 3107; x_wconf 87' lang='lat'><strong>265,</strong></span> <span class='ocrx_word' id='word_1_376' title='bbox 472 3072 515 3096; x_wconf 90' lang='lat' dir='ltr'><strong>n.</strong></span> <span class='ocrx_word' id='word_1_377' title='bbox 538 3070 575 3106; x_wconf 83' lang='lat'><strong>93</strong></span> <span class='ocrx_word' id='word_1_378' title='bbox 594 3067 679 3106; x_wconf 88' lang='lat'><strong>274,</strong></span> <span class='ocrx_word' id='word_1_379' title='bbox 697 3070 741 3095; x_wconf 91' lang='lat' dir='ltr'><strong>n.</strong></span> <span class='ocrx_word' id='word_1_380' title='bbox 763 3066 800 3104; x_wconf 82' lang='lat'><strong>73</strong></span> <span class='ocrx_word' id='word_1_381' title='bbox 822 3063 862 3095; x_wconf 90' lang='lat' dir='ltr'><strong>et</strong></span> <span class='ocrx_word' id='word_1_382' title='bbox 879 3057 1062 3105; x_wconf 67' lang='lat' dir='ltr'><strong>append„</strong></span> <span class='ocrx_word' id='word_1_383' title='bbox 1081 3058 1138 3094; x_wconf 91' lang='lat' dir='ltr'><strong>XI</strong></span> <span class='ocrx_word' id='word_1_384' title='bbox 1155 3060 1212 3102; x_wconf 89' lang='lat' dir='ltr'><strong>(a.</strong></span> 
     </span>
    </p>
   </div>
   <div class='ocr_carea' id='block_1_14' title="bbox 368 3131 1716 3184">
    <p class='ocr_par' dir='ltr' id='par_1_15' title="bbox 368 3131 1716 3184">
     <span class='ocr_line' id='line_1_47' title="bbox 368 3131 1716 3184; baseline -0.006 -6"><span class='ocrx_word' id='word_1_385' title='bbox 368 3148 486 3178; x_wconf 73' lang='lat' dir='ltr'><strong>Emsr.</strong></span> <span class='ocrx_word' id='word_1_386' title='bbox 508 3148 551 3177; x_wconf 90' lang='lat' dir='ltr'><strong>P.</strong></span> <span class='ocrx_word' id='word_1_387' title='bbox 573 3147 707 3184; x_wconf 65' lang='lat' dir='ltr'><strong>Nann„</strong></span> <span class='ocrx_word' id='word_1_388' title='bbox 727 3146 818 3176; x_wconf 73' lang='lat' dir='ltr'><strong>Tou.</strong></span> <span class='ocrx_word' id='word_1_389' title='bbox 840 3145 887 3175; x_wconf 89' lang='lat'><strong>11.</strong></span> <span class='ocrx_word' id='word_1_390' title='bbox 1497 3131 1499 3133; x_wconf 40' lang='lat'>¹</span> <span class='ocrx_word' id='word_1_391' title='bbox 1680 3145 1716 3174; x_wconf 74' lang='grc'><strong>43</strong></span> 
     </span>
    </p>
   </div>
  </div>
 </body>
</html>
