2196 3522
322 284 370 320 94
885 270 929 304 P.
959 269 1147 304 NATALIS
1174 268 1393 304 EPHEMER.

316 375 403 419 cio.
430 372 660 430 Respondi
677 371 856 416 ciuibus
888 371 946 415 ad
968 369 1135 426 aliqua,
1160 383 1277 425 quae
1309 369 1616 426 postulabant.
1644 370 1866 415 Discessit
1899 373 1954 415 P.

319 451 556 495 Emundus
578 449 913 494 concionatum.

407 527 710 572 Discessimus
733 532 779 571 et
800 540 884 569 nos
903 539 927 581 3
947 538 1052 568 cum
1071 526 1124 568 P.
1147 523 1394 568 Paschasio
1414 530 1461 569 et
1479 526 1531 567 P.
1554 524 1799 579 Annibale,
1819 539 1955 582 quem

317 606 526 649 volebam
564 603 794 649 Lutetiam
825 616 1003 646 mecum
1042 601 1214 654 venire,
1250 608 1298 644 vt
1335 600 1426 644 illic
1461 602 1662 646 doceret.
1698 602 1956 646 Audiebam

318 683 439 728 enim
468 697 494 725 a
533 683 586 726 P.
621 680 844 725 Pachasio
873 679 1140 736 aperiendas
1168 678 1260 722 illic
1292 679 1472 722 scholas
1505 680 1540 733 ι;
1571 678 1683 723 alios
1725 686 1959 736 praeterea

317 760 658 803 abducebamus
680 773 737 801 ex
759 756 1129 802 turnonensibuS.

404 836 527 881 Hinc
548 835 650 879 misi
671 834 913 880 Ximenem
941 849 1047 877 cum
1069 848 1160 878 vno
1184 834 1320 878 fratre
1343 833 1642 890 Lugdunum,
1674 847 1816 890 quum
1838 841 1959 879 esset

319 914 410 957 iam
432 919 706 970 occupatum
729 912 786 955 ab
808 910 1065 963 haereticis,
1097 918 1147 954 vt
1167 911 1278 955 195
1299 909 1521 967 reciperet
1548 923 1637 964 400
1660 911 1856 964 francos,
1882 910 1961 967 qui

317 998 449 1034 erant
469 989 600 1034 nobis
622 988 891 1034 numerandi
914 1004 940 1032 a
961 995 1213 1032 mercatore
1240 988 1437 1044 quodam
1465 987 1589 1031 italo:
1623 989 1796 1044 absque
1817 988 1960 1033 detri-

319 1075 475 1111 mento
513 1067 647 1123 redijt
689 1080 794 1109 cum
844 1065 984 1109 literis
1032 1065 1326 1122 collybisticis
1368 1066 1425 1108 ad
1482 1072 1779 1109 mercatorem
1836 1065 1959 1123 pari-

322 1145 519 1190 siensem
543 1140 583 1187 ’J

411 1300 527 1343 19ss
743 1313 792 1343 IN
824 1313 1024 1343 ITINERE
1056 1312 1258 1343 BILIOMO
1290 1312 1535 1343 LUTECIAM

412 1456 553 1498 Erant
574 1454 741 1498 infesta
762 1453 924 1498 itinera
946 1459 1129 1510 propter
1156 1453 1487 1498 haereticorum
1520 1453 1827 1499 rebellionem.
1865 1456 1960 1499 Ve-

320 1532 471 1575 nimus
493 1531 730 1586 Molinum,
755 1530 832 1573 vbi
855 1545 995 1586 quum
1018 1530 1375 1587 intelljgeremus
1396 1545 1623 1574 summum
1650 1545 1752 1575 esse
1777 1530 1960 1588 pericu—

321 1611 416 1652 lum
443 1608 490 1651 in
519 1608 593 1651 via
624 1608 837 1665 parisina,
878 1607 1135 1665 accepimus
1172 1607 1409 1651 consilium
1446 1607 1705 1651 remittendi
1741 1607 1956 1665 reliquos,

322 1693 500 1742 praeter
517 1699 600 1728 nos
623 1698 664 1740 3,
691 1684 769 1741 qui
797 1684 981 1727 omnino
1013 1698 1192 1729 eramus
1220 1684 1401 1729 venturi
1423 1686 1482 1728 ad
1508 1686 1561 1729 P.
1598 1686 1877 1742 generalem,
1913 1693 1959 1731 et

324 1765 377 1807 P.
405 1761 718 1816 Paschasium,
743 1761 820 1818 qui
842 1768 939 1806 erat
961 1761 1197 1805 Luteciam
1213 1761 1456 1805 rediturus.
1478 1761 1638 1819 Igitur,
1660 1762 1834 1806 remisis
1851 1763 1958 1808 reli-

323 1839 441 1895 quis,
468 1853 550 1882 nos
577 1838 584 1896 Ι
612 1851 641 1892 4
662 1839 719 1882 ad
741 1837 1006 1881 euitandum
1023 1837 1290 1894 periculum,
1311 1838 1467 1882 relicta
1484 1845 1606 1883 recta
1627 1838 1702 1882 via
1722 1839 1958 1884 Luteciam

321 1923 368 1960 et
390 1916 571 1970 vsitata,
596 1914 865 1967 diuertimus
886 1916 942 1958 ad
964 1916 1212 1967 dexteram,
1238 1922 1284 1960 et
1306 1915 1391 1959 iter
1419 1915 1609 1960 fecimus
1637 1930 1718 1972 per
1740 1918 1959 1973 Burgun-

318 1993 455 2045 diam,
495 1999 582 2036 etc.
627 1991 873 2037 Periclitati
903 2006 1061 2034 sumus
1091 1993 1105 2013 ³
1135 1991 1318 2048 quidem
1350 1992 1397 2035 in
1425 1999 1521 2036 toto
1549 1993 1726 2046 itinere,
1758 2008 1863 2037 nam
1892 1994 1959 2037 ci-

323 2064 506 2125 ujtates,
532 2068 711 2125 oppida,
737 2068 843 2125 pagi
866 2075 994 2113 erant
1015 2068 1062 2111 in
1085 2068 1236 2121 armis,
1262 2076 1425 2125 pontes
1447 2069 1602 2123 leuati,
1622 2069 1752 2127 quasi
1768 2069 1815 2113 in
1836 2070 1961 2114 obsi-

323 2145 475 2198 dione,
501 2145 832 2190 miserabantur
854 2145 1011 2198 nostri,
1038 2145 1116 2201 qui
1138 2160 1192 2189 eo
1216 2152 1418 2202 tempore
1444 2147 1661 2191 videbant
1683 2147 1770 2192 iter
1792 2148 1958 2200 facere,

321 2229 367 2267 et
400 2222 581 2278 quidem
604 2221 800 2267 inermes
821 2229 867 2264 et
898 2222 1176 2279 peregrinos.
1214 2223 1307 2267 Sed
1338 2238 1478 2279 quum
1499 2223 1668 2279 vbique
1690 2223 1921 2268 videretur
1944 2225 1960 2245 ⁴

325 2299 561 2343 imminere
582 2299 691 2342 19⁷
718 2314 932 2355 praesens
959 2298 1225 2355 periculum,
1257 2300 1331 2343 illa
1358 2301 1450 2344 duo
1477 2301 1664 2346 fuerunt
1690 2300 1957 2358 singularia:

326 2376 538 2432 primum,
564 2377 746 2432 quando
769 2375 976 2419 venimus
999 2377 1056 2419 ad
1077 2391 1262 2433 pagum,
1288 2379 1407 2421 vnde
1434 2379 1571 2434 paulo
1585 2385 1720 2422 antea
1736 2378 1960 2423 discesse—

325 2459 427 2496 rant
448 2452 614 2497 milites
635 2452 867 2509 haeretici.
895 2464 1008 2495 2,um
1035 2454 1092 2497 ad
1113 2454 1380 2507 Sanctonas,
1406 2454 1483 2497 vbi
1499 2455 1671 2498 exclusi
1688 2456 1783 2500 fere
1798 2462 1957 2517 noctu,

323 2529 469 2573 coacti
491 2543 649 2573 sumus
670 2529 883 2586 prosequi
898 2529 1005 2584 jter.
1032 2530 1210 2586 Eripuit
1230 2545 1313 2574 nos
1329 2531 1555 2575 Dominus
1571 2532 1628 2575 ab
1645 2532 1856 2575 omnibus
1876 2546 1960 2589 pe-

323 2606 499 2661 riculis,
531 2613 577 2651 et
610 2606 667 2649 ad
696 2606 951 2650 Sanctonas
984 2606 1167 2662 quidem
1194 2605 1353 2665 [duxit]
1394 2623 1473 2665 per
1510 2610 1752 2665 quemdam
1788 2609 1960 2653 bonum

318 2698 476 2728 senem
494 2683 755 2740 agricolam,
782 2682 859 2738 qui
881 2682 1197 2727 honestissime
1213 2699 1297 2728 nos
1319 2685 1504 2729 domum
1522 2685 1906 2743 recepithospitio
1924 2687 1957 2729 ¹⁵.

398 2847 409 2867 ¹
461 2844 551 2888 Ms.,
574 2839 781 2879 scholam.'

394 2907 407 2926 ²
457 2903 717 2948 SACCHINUS,
737 2903 810 2938 loc.
826 2902 918 2948 cit.,
938 2915 980 2938 n.
1003 2903 1065 2939 68.
1092 2905 1155 2940 Nil
1175 2904 1214 2940 in
1233 2904 1303 2941 fol.
1331 2914 1396 2952 195
1417 2919 1454 2941 v.
1475 2907 1662 2954 seriptum
1681 2911 1756 2942 est.

397 2965 412 2984 ⁵
462 2963 552 3009 Ms.,
570 2973 710 2999 sumus
727 2961 927 2998 iteratum.

396 3024 410 3043 ⁴
459 3022 550 3067 Ms.,
569 3022 795 3058 vederetur.

391 3082 408 3103 ⁵
450 3081 716 3127 ,SACCH1NUS,
736 3081 809 3116 loc.
829 3080 920 3126 cit.,
941 3092 1008 3117 nn.
1033 3081 1094 3129 68,
1113 3068 1177 3128 oo.
1202 3084 1285 3120 Fol.
1309 3093 1375 3130 197
1394 3097 1432 3120 v.
1453 3096 1593 3132 purum
1610 3078 1805 3138 remanet.
