2196 3522
952 278 1156 317 1554-1555
1853 287 1877 322 9

231 372 427 430 collegio
447 371 591 429 regio.
611 372 870 430 Collegium
886 373 1153 431 perusinum
1169 373 1425 419 inchoatur.
1445 376 1707 434 Collegium
1723 392 1876 436 eugu-

233 450 393 494 binum
413 449 694 494 inchoatum.
720 451 923 495 Vocatur
943 450 991 494 in
1028 450 1202 495 Italiam
1231 453 1286 496 P.
1317 451 1451 497 Viola
1475 467 1533 497 ex
1554 453 1706 499 Gallia
1732 455 1877 500 Lute-

236 527 369 572 ciam:
394 527 440 570 in
461 526 561 571 eius
580 527 731 571 locum
753 527 949 572 mittitur
965 529 1019 572 P.
1048 528 1338 573 Paschasius.

329 647 411 692 :3ss
990 652 1135 702 [15J54

326 763 583 820 Collegium
600 762 886 807 cordubense
899 761 1130 805 fundatur.
1144 761 1401 819 Collegium
1415 766 1673 809 conchense
1686 765 1876 810 inchoa-

238 847 324 884 tur.
355 840 619 885 Persecutio
646 846 906 883 nostrorum
935 837 1159 882 Lutetiae.
1193 840 1247 882 P.
1284 840 1558 885 Paschasius
1584 842 1877 898 prouincialis

235 917 412 962 Galliae
434 917 620 974 primus.
647 915 905 973 Collegium
927 922 1203 972 granatense
1224 930 1278 960 ac
1299 915 1558 974 hispalense
1578 928 1767 982 sumunt
1787 921 1876 964 ini-

236 994 365 1039 tium.
391 993 704 1052 Congregatio
731 992 974 1037 nationalis
1001 994 1278 1049 Metymnae:
1304 993 1575 1039 diuiduntur
1594 996 1872 1052 prouinciae,

237 1079 450 1117 creantur
465 1070 767 1129 prouinciales
781 1082 826 1124 4,
842 1084 895 1114 ac
912 1069 1248 1114 commissarius
1261 1071 1504 1128 generalis.
1522 1073 1575 1116 In
1587 1074 1878 1132 Monteregio

237 1149 478 1193 inchoatur
498 1149 760 1206 collegium,
783 1154 830 1192 et
859 1147 1255 1204 Caesaraugustae
1276 1147 1324 1191 in
1346 1147 1515 1194 Sicilia.
1540 1150 1598 1194 D.
1626 1150 1879 1195 Madridius

239 1226 506 1284 adiungitur
517 1225 750 1272 Societati.
781 1224 789 1284 Ι
815 1227 992 1269 Domus
1002 1224 1282 1281 probationis
1290 1226 1507 1269 fundatur
1516 1227 1772 1273 Simancae.
1785 1230 1877 1274 Re·-

189 1326 201 1338 ·
237 1303 304 1348 dit
325 1305 514 1348 Romam
532 1306 585 1348 P.
612 1302 802 1347 Natalis.
829 1302 1080 1347 Contendit
1102 1316 1181 1346 rex
1203 1309 1497 1347 romanorum
1518 1305 1640 1361 apud
1663 1305 1827 1350 Iulium
1851 1320 1876 1362 3

238 1387 289 1424 vt
309 1383 373 1427 M.
400 1380 611 1426 Canisius
632 1386 864 1426 crearetur
890 1378 1152 1424 viennensis
1174 1379 1437 1437 episcopus,
1462 1388 1621 1426 contra
1643 1383 1878 1428 annitente

239 1459 294 1503 P.
319 1458 497 1516 Ignatio
518 1473 572 1502 ac
595 1460 648 1502 P.
670 1457 874 1502 Canisio.
895 1457 1099 1501 Tandem
1116 1471 1362 1513 persuasus
1378 1473 1458 1503 rex
1474 1459 1662 1504 destitit.
1684 1461 1875 1505 Inchoa-

239 1542 335 1580 tum
351 1534 595 1593 collegium
613 1548 867 1593 genuense:
887 1542 1071 1592 apertae
1087 1534 1274 1579 scholae
1288 1534 1541 1579 litterarum
1559 1537 1877 1582 humaniorum

238 1626 292 1657 ac
307 1612 641 1671 grammatices.
660 1614 897 1670 Inceptum
914 1611 1159 1669 collegium
1176 1612 1477 1658 lauretanum:
1496 1621 1680 1671 apertae
1695 1616 1880 1661 scholae

237 1690 469 1735 literarum
482 1691 822 1744 humaniorum,
838 1705 1027 1735 casuum
1041 1689 1347 1735 conscientiae
1357 1705 1411 1735 ac
1427 1692 1614 1749 logices.
1629 1694 1878 1738 Decretum

239 1767 470 1812 facultatis
491 1768 750 1826 theologiae
771 1767 1031 1825 parisiensis
1052 1775 1210 1811 contra
1231 1768 1505 1813 Societatem
1526 1769 1672 1827 prima
1687 1770 1763 1816 die
1783 1772 1878 1815 De-

240 1845 450 1890 cembris.
475 1844 716 1902 Designati
739 1847 792 1889 P.
827 1846 1054 1890 Iohannes
1080 1844 1262 1889 Nunius
1290 1844 1383 1902 (qui
1412 1846 1562 1891 fuerat
1583 1862 1753 1905 magno
1774 1862 1878 1892 cum

241 1923 393 1967 fructu
409 1930 618 1968 versatus
634 1921 818 1967 Tituani
832 1922 879 1965 in
893 1913 1083 1978 Africa),
1101 1924 1154 1966 P.
1174 1923 1384 1975 Ouedus‚
1402 1925 1456 1967 P.
1476 1924 1723 1968 Carnerius
1744 1926 1755 1948 ¹
1774 1940 1880 1975 cum

247 2013 299 2045 10
320 2000 419 2056 alijs
440 2006 490 2044 vt
510 2000 798 2044 mitterentur
819 1999 868 2043 in
889 1999 1210 2057 Aethyopiam,
1235 2007 1282 2045 et
1311 2014 1336 2056 3
1359 2001 1422 2044 illi
1444 2001 1644 2059 episcopi
1666 2009 1775 2046 sunt
1795 2003 1881 2047 de·

241 2076 395 2122 stinati
418 2083 464 2122 et
486 2079 540 2121 P.
566 2076 748 2121 Nunius
770 2076 1039 2134 patriarcha.

328 2191 403 2235 3⁷
987 2196 1133 2243 [15]55

332 2312 608 2355 Inchoantur
644 2324 697 2355 ac
733 2310 1030 2354 aedificantur
1067 2310 1260 2369 collegia
1297 2311 1495 2356 Mursiae
1517 2320 1564 2357 et
1597 2314 1875 2360 Placentiae.

243 2389 526 2447 Aperiuntur
561 2389 744 2433 scholae
781 2387 1057 2432 Placentiae.
1103 2388 1360 2433 Instituitur
1395 2390 1560 2434 domus
1600 2391 1881 2448 probationis

245 2467 502 2511 Cordubae.
534 2465 607 2510 Fit
635 2467 688 2510 P.
721 2465 897 2510 Natalis
925 2464 1153 2522 generalis
1185 2466 1544 2522 commissarius,
1576 2468 1651 2513 vel
1683 2468 1883 2513 vicarius

246 2542 388 2588 totius
415 2543 672 2596 Societatis,
702 2542 925 2600 suffragio
954 2555 1012 2597 40
1040 2543 1345 2597 sacerdotum,
1383 2552 1430 2588 et
1459 2545 1650 2589 fratrum
1676 2553 1879 2602 praeter—

243 2634 313 2674 ea,
337 2619 417 2676 qui
438 2621 607 2664 Romae
627 2627 773 2674 erant,
797 2626 844 2665 et
872 2605 1001 2664 iussu
1030 2622 1084 2664 P.
1117 2620 1307 2678 IgnatiJ;
1336 2628 1383 2666 et
1403 2623 1539 2679 paulo
1560 2629 1665 2679 post
1685 2623 1882 2667 mittitur

242 2711 348 2742 cum
368 2697 523 2753 legato
559 2696 776 2741 cardinali
807 2700 999 2742 Morono
1030 2698 1087 2742 ad
1118 2705 1398 2743 conuentum
1427 2699 1705 2756 imperialem
1728 2699 1881 2744 socius

241 2777 295 2819 P.
315 2774 458 2830 Laynj
467 2789 477 2817 ε
497 2774 634 2828 vnde,
648 2788 807 2830 quum,
827 2774 983 2818 audita
998 2782 1143 2820 morte
1159 2774 1258 2831 Iulij
1273 2775 1426 2819 statim
1443 2776 1561 2820 redit
1576 2776 1819 2822 cardinalis
1834 2785 1881 2822 et

242 2854 295 2896 P.
321 2852 518 2908 Laynes,
548 2849 556 2909 Ι
582 2849 796 2909 Dilingae
817 2852 1063 2909 collegium
1078 2866 1135 2896 ex
1158 2851 1299 2910 legati
1321 2859 1368 2896 et
1393 2853 1639 2910 augustani
1664 2854 1881 2899 facultate

239 2928 458 2973 visitauit.
490 2927 667 2972 Deinde
695 2943 754 2973 ex
781 2929 930 2973 officio
957 2928 1162 2974 visitauit
1195 2928 1439 2987 collegium
1473 2945 1713 2988 pragense.
1756 2931 1882 2975 Misit

319 3099 332 3122 ¹
381 3100 472 3146 Ms.,
490 3098 719 3134 Carnelius.
