2196 3522
963 250 1184 287 APmmmx
1814 247 1885 294 563

259 361 502 410 antequam
522 361 733 411 coeptum
754 360 824 397 est
843 351 936 409 legi
957 365 1037 408 per
1058 358 1256 395 nostram
1277 351 1567 396 Societatem.
1598 349 1685 394 Fui
1714 350 1882 393 admis-

261 428 340 458 sus
367 413 414 459 in
440 414 633 471 collegio
660 413 817 457 Trium
845 412 1141 456 Coronarum.
1172 411 1217 454 A
1245 409 1505 466 precedenti
1532 411 1648 453 festo
1680 410 1881 453 omnium

261 474 531 519 Sanctorum
563 487 740 529 semper
773 470 966 528 singulis
1001 470 1161 513 diebus
1196 469 1434 513 dominicis
1470 468 1800 512 communicaui
1835 469 1881 511 in

261 532 465 585 aedibus,
490 547 602 589 quas
622 532 902 576 habebamus
922 544 1057 586 apum
1084 531 1141 572 D.
1175 530 1404 583 Ursulam‚
1435 528 1764 583 audiebamque
1791 529 1880 572 Pa—

261 599 374 635 trem
417 592 630 636 Rhetium
673 592 913 635 docentem
954 588 1279 633 rhetoricam...
1332 601 1403 642 14.
1455 589 1568 632 Sum
1610 588 1875 631 sacerdos...

267 662 334 706 15.
365 651 450 694 Fui
478 651 523 693 in
552 650 744 707 collegio
769 647 1016 693 coloniensi
1042 654 1088 691 et
1116 647 1418 692 treverensi...
1456 647 1523 690 18.
1555 648 1726 690 Votum
1755 646 1882 691 emisi

258 710 598 754 scolasticorum
620 709 835 760 Coloniae
852 722 971 751 anno
989 717 1044 762 57
1061 706 1159 762 ipso
1175 707 1248 749 die
1261 703 1505 762 paschatis:
1526 705 1612 749 alia
1628 720 1718 748 non
1735 706 1883 750 habeo

258 769 345 812 nisi
367 769 443 812 illa
465 784 581 825 quae
607 769 653 811 in
682 783 796 820 mea,
827 768 935 810 dum
963 780 1141 822 sacrum
1170 765 1357 809 Domini
1386 779 1549 820 corpus
1577 779 1722 816 sumo,
1749 764 1883 808 tacita

259 836 413 873 mente
442 828 672 884 conceptis
699 826 892 884 singulis
918 825 1069 870 verbis
1097 824 1297 880 quotidie
1326 824 1458 877 facio,
1482 823 1659 867 dicens:
1690 823 1884 867 Domine

252 889 378 945 Jesu,
403 902 548 931 voveo
578 887 674 939 tibi,
699 894 744 931 et
772 884 974 942 pontifici
1001 898 1202 938 romano,
1228 890 1274 927 et
1294 891 1477 927 sanctae
1497 882 1738 927 ecclessiae
1760 890 1880 934 tuae,

259 946 438 991 divinae
452 946 667 991 Societati
690 953 810 998 tuae,
829 950 1154 1001 paupertatem,
1172 942 1440 994 castitatem,
1460 941 1761 984 obedientiam
1785 957 1883 997 per-

259 1014 459 1063 petuam,
485 1021 620 1061 quam
641 1004 750 1047 mihi
777 1004 906 1048 dabis
932 1002 1262 1059 perfectiorem,
1287 1001 1572 1052 sanctiorem,
1598 1000 1881 1053 diviniorem,

260 1065 492 1109 clariorem
528 1079 633 1108 curn
670 1063 902 1115 diuiniori,
943 1061 1220 1118 perfectiori,
1262 1060 1475 1104 sanctiori
1511 1067 1556 1104 et
1598 1060 1883 1103 abundatiori

227 1164 229 1166 .
259 1124 420 1180 spiritu
443 1132 523 1167 tuo
545 1125 600 1167 ad
621 1125 761 1167 solam
784 1121 972 1179 gloriam
994 1120 1080 1165 Dei
1098 1120 1244 1164 Patris
1261 1127 1306 1164 et
1322 1119 1422 1163 Filii
1438 1126 1484 1163 et
1501 1118 1695 1175 Spiritus
1718 1119 1878 1162 sancti.

260 1184 466 1238 Illudque
488 1184 632 1227 refero
653 1183 710 1226 ad
732 1197 888 1226 omnes
909 1189 999 1224 tres
1016 1179 1113 1223 illas
1129 1179 1335 1231 virtutes,
1355 1186 1400 1223 et
1422 1193 1599 1234 semper
1615 1193 1641 1220 a
1664 1185 1880 1234 tempore,

258 1257 349 1298 quo
370 1258 470 1286 sum
492 1243 702 1287 sacerdos
724 1241 860 1298 (quod
882 1240 967 1285 erit
989 1238 1232 1283 triennium
1254 1237 1300 1282 in
1318 1239 1433 1282 festo
1451 1237 1652 1294 proxime
1674 1238 1881 1293 sequenti

263 1301 355 1344 divi
384 1301 609 1358 Remigij),
634 1301 699 1344 sic
725 1300 850 1353 voui,
876 1299 961 1343 etsi
990 1298 1207 1355 principio
1237 1298 1426 1341 fortasse
1448 1311 1536 1340 non
1560 1311 1661 1339 cum
1686 1296 1760 1340 illa
1783 1311 1883 1352 per-

259 1361 457 1406 fectione
483 1369 529 1404 et
565 1376 644 1417 spe
680 1359 886 1415 majori...
929 1357 1143 1402 Coloniae
1172 1371 1272 1400 sum
1304 1357 1450 1399 factus
1477 1355 1639 1398 artium
1668 1355 1885 1411 magister

255 1435 375 1463 anno
405 1431 514 1477 59...
547 1422 806 1475 Antequam
834 1417 1034 1461 venirem
1062 1418 1119 1459 ad
1147 1416 1418 1461 Societatem
1450 1415 1582 1458 docui
1612 1415 1658 1457 in
1694 1415 1882 1459 aedibus

253 1479 331 1522 ubi
354 1481 562 1523 morabar
582 1478 794 1535 epistolas
814 1476 1064 1529 Ciceronis,
1089 1475 1425 1531 ethimologiam
1448 1482 1493 1517 et
1515 1474 1739 1530 syntaxim
1762 1476 1880 1518 Des-

251 1538 461 1594 pauterij,
486 1537 833 1594 compositiones
849 1536 1055 1587 aliorum,
1076 1549 1189 1590 quas
1210 1534 1255 1577 in
1278 1534 1444 1577 scholis
1460 1533 1554 1577 suis
1577 1533 1882 1589 praeceptori—

251 1598 338 1641 bus
360 1599 467 1641 dare
488 1598 732 1650 debebant,
751 1596 1049 1652 corrigebam:
1070 1604 1115 1639 et
1132 1594 1197 1638 sic
1215 1601 1324 1650 puto
1342 1608 1414 1637 me
1433 1592 1593 1637 fecisse
1610 1608 1689 1649 per
1711 1608 1799 1635 ann
1807 1607 1880 1636 um

254 1656 433 1701 circiter
454 1664 532 1699 aut
554 1657 686 1700 duos.
713 1655 803 1713 [III,
830 1656 931 1707 226,
959 1666 1059 1708 227,
1087 1666 1188 1708 230,
1215 1666 1316 1708 231,
1341 1652 1558 1711 428-431]

348 1729 384 1759 Ι.
442 1717 646 1773 Joannes
668 1716 951 1758 Hermanus.
987 1726 1030 1757 2.
1065 1714 1315 1757 Numerum
1344 1719 1517 1755 certum
1546 1725 1768 1753 annorum
1798 1725 1881 1754 ne-

254 1775 363 1827 scio,
389 1782 498 1831 puto
520 1782 672 1819 tamen
693 1789 766 1818 me
781 1774 874 1830 jam
898 1787 1035 1829 agere
1058 1771 1328 1828 vigesimum
1352 1785 1536 1813 annum.
1565 1783 1606 1824 3.
1632 1771 1743 1814 Sum
1774 1783 1880 1826 ger-

253 1849 433 1888 manus,
458 1849 627 1878 suevus
647 1848 704 1877 ex
726 1833 868 1889 patria
891 1831 1238 1876 Mindelhaim...
1270 1843 1337 1875 12.
1365 1831 1483 1875 Sunt
1499 1830 1592 1885 jam
1617 1836 1707 1872 tres
1726 1835 1771 1873 et
1788 1829 1882 1871 fere

251 1893 427 1936 medius
449 1908 594 1936 annus
616 1894 738 1948 quod
760 1892 826 1934 fui
848 1892 919 1935 hic
937 1891 1142 1935 Viennae
1158 1896 1369 1946 receptus
1384 1889 1430 1931 in
1448 1888 1736 1933 Societatem.
1762 1888 1879 1931 Exa-

251 1952 448 1996 minatus
471 1952 590 1997 fui...
623 1964 688 2006 14.
724 1953 934 2007 Quatuor
961 1950 1142 1994 ordines
1171 1956 1346 1992 tantum
1375 1947 1529 2004 accepi
1561 1947 1606 1990 in
1635 1946 1879 1991 Societate.

256 2022 322 2066 15.
348 2013 398 2055 In
421 2012 544 2054 nullo
566 2011 631 2054 fui
652 2010 845 2066 collegio
867 2008 1106 2055 Societatis
1128 2008 1213 2051 nisi
1236 2008 1324 2051 hic.
1351 2007 1441 2065 [III,
1463 2008 1566 2061 406,
1586 2018 1690 2060 407,
1718 2006 1818 2063 749]

340 2072 477 2114 Anno
505 2071 632 2125 1567,
661 2082 711 2125 31
739 2068 970 2113 Octobris.
1004 2082 1040 2112 1.
1060 2067 1264 2125 Joannes
1279 2067 1529 2124 jacobaeus
1544 2079 1696 2108 vocor.
1719 2077 1765 2108 2.
1799 2064 1882 2108 Vi-

250 2130 367 2188 ginti
389 2137 433 2174 et
466 2145 607 2172 unum
640 2143 783 2172 annos
819 2143 919 2172 sum
958 2135 1108 2171 natus.
1150 2140 1191 2182 3.
1223 2125 1486 2171 Leodiensis
1515 2139 1670 2168 sum...
1707 2137 1771 2167 12.
1806 2125 1882 2167 Ab

251 2190 382 2233 annis
416 2203 580 2232 novem
618 2188 682 2231 fui
721 2194 930 2243 receptus
965 2185 1182 2230 Coloniae
1219 2186 1333 2229 forte
1369 2184 1499 2227 initio
1529 2183 1669 2242 Junii3
1710 2183 1880 2226 exami—

249 2256 384 2292 natus
407 2248 524 2292 fui...
558 2260 623 2301 14.
649 2247 836 2291 Nullum
857 2246 1060 2290 ordinem
1081 2246 1241 2288 habeo.
1275 2254 1341 2299 15.
1368 2242 1598 2295 Coloniae,
1626 2242 1818 2285 Tornaci
1837 2249 1883 2285 et

251 2307 604 2364 Audemaropoli
631 2305 886 2349 habitavi...
929 2306 1040 2350 Sum
1077 2303 1292 2360 magister
1321 2310 1496 2346 tantum
1531 2302 1709 2354 artium,
1736 2302 1883 2345 factus

259 2367 478 2411 Coloniae
514 2375 618 2409 ante
640 2379 782 2409 annos
820 2365 862 2408 6.
895 2366 1019 2409 Ante
1054 2363 1309 2420 ingressum
1341 2362 1387 2405 in
1420 2361 1691 2407 Societatem
1729 2359 1881 2403 studui

253 2426 406 2481 Leodij
437 2427 493 2469 ab
517 2440 635 2468 anno
657 2426 771 2468 forte
794 2430 970 2480 quarto,
995 2423 1040 2466 in
1069 2422 1294 2468 Societate
1321 2436 1464 2464 annos
1493 2428 1601 2474 tres,
1626 2427 1671 2464 et
1698 2419 1879 2473 quidem

252 2484 486 2537 Coloniae,
525 2499 666 2527 unum
694 2498 863 2526 annum
899 2483 945 2525 in
982 2482 1146 2538 logica,
1185 2480 1505 2536 sesquiannum
1543 2479 1589 2521 in
1632 2478 1802 2534 phisica
1836 2485 1883 2521 et

250 2544 447 2587 medium
468 2544 515 2586 in
530 2542 767 2588 rhetorica.
795 2544 932 2585 Extra
960 2541 1231 2586 Societatem
1268 2554 1359 2583 non
1387 2538 1537 2582 docui.
1572 2539 1622 2580 In
1654 2537 1882 2581 Societate

249 2618 330 2648 sex
351 2617 494 2646 annos
515 2603 665 2655 docui,
685 2601 846 2658 partim
869 2600 1211 2653 humanitatem,
1231 2598 1392 2655 partim
1411 2596 1696 2648 rhetoricam,
1717 2595 1879 2652 partim

249 2660 585 2718 syntaxim.[III,
612 2660 708 2720 143]

345 2734 381 2764 1.
446 2722 643 2776 Digome
659 2721 781 2777 Joan
802 2720 855 2763 de
874 2719 1009 2776 Jae'n.
1052 2729 1092 2761 2.
1121 2718 1354 2773 Quarenta
1381 2732 1410 2773 y
1439 2715 1568 2758 cinco
1591 2720 1717 2756 anos.
1745 2726 1786 2767 3.
1814 2714 1884 2757 De

247 2780 291 2823 la
307 2779 470 2822 ciudad
487 2780 544 2823 de
566 2781 813 2835 Quenca...
845 2791 912 2832 14.
938 2779 1022 2821 Fui
1046 2775 1280 2820 resceuido
1301 2790 1359 2820 en
1382 2775 1540 2819 Alcala
1556 2788 1636 2830 por
1659 2773 1699 2816 el
1723 2774 1775 2815 P.
1797 2771 1880 2815 Vi—

248 2839 474 2890 llanueva,
500 2852 588 2893 que
610 2841 706 2882 este
723 2852 780 2881 en
802 2837 1001 2894 gloria...
1028 2836 1100 2879 16.
1134 2836 1176 2878 A
1194 2849 1284 2890 que
1301 2838 1429 2878 entre
1452 2835 1565 2888 doce
1592 2838 1704 2875 anos
1725 2846 1754 2886 y
1779 2845 1834 2873 va
1855 2834 1881 2874 a

252 2905 428 2952 trece...
456 2909 527 2940 22.
552 2898 646 2952 Soy
661 2897 930 2953 presbitero.
958 2908 1033 2950 23.
1065 2896 1103 2937 E
1124 2894 1281 2938 estado
1303 2908 1361 2937 en
1378 2893 1552 2943 Alcala,
1572 2906 1630 2934 en
1646 2889 1878 2941 Valencia,

252 2957 447 3008 Gandia,
472 2971 530 3000 en
550 2956 779 2999 Cordoua:
805 2956 871 2999 las
892 2953 1192 3010 ocupaciones
1213 2967 1272 2996 an
1294 2951 1392 2996 sido
1414 2952 1658 3001 confessar,
1692 2954 1886 2993 ensefiar

253 3016 299 3059 la
319 3015 526 3059 doctn'na
547 3014 806 3067 christiana,
830 3015 923 3058 leer
945 3013 1106 3071 griego
1126 3027 1156 3068 y
1172 3011 1421 3068 gramatica
1440 3010 1595 3062 latina,
1614 3023 1644 3065 y
1660 3007 1882 3064 predicar,
