2196 3522
325 260 372 297 42
882 246 927 282 P.
955 245 1143 281 NATAms
1169 245 1392 281 EPHEMER.
1463 291 1466 294 ⁴

316 350 469 407 nupsit
492 355 593 406 post
630 355 788 392 votum
819 345 1111 403 virginitatis,
1142 351 1188 390 et
1216 344 1320 389 inde
1348 345 1512 390 amissa
1536 346 1743 391 fundatio
1772 346 1952 404 collegij

322 426 556 471 valentini.

406 505 459 547 P.
500 502 729 558 Goncales
766 500 938 545 Mursia
973 500 1020 543 in
1059 499 1404 562 Portugalliam,
1438 500 1486 543 in
1523 515 1613 556 quo
1649 501 1810 547 itinere
1831 501 1952 558 passi

314 587 440 631 sunt,
457 579 582 635 quod
598 584 866 635 putarentur
884 577 1094 621 feminam
1111 578 1279 620 ducere
1295 576 1416 633 ipsos
1432 576 1550 620 virili
1566 578 1708 622 cultu.
1728 579 1810 622 ⁷0
1834 581 1949 623 Pro-

315 658 528 715 perabam
551 670 639 712 ego
661 655 719 698 ad
742 657 794 698 P.
815 656 851 698 F
853 653 1122 698 ranciscum:
1149 653 1318 709 itaque,
1339 668 1480 710 quum
1498 654 1708 699 Valentia
1723 654 1949 699 venissem

316 735 547 778 Cuencam
565 739 611 776 et
628 732 938 788 Complutum,
958 731 1108 774 adhuc
1129 731 1305 787 repperi
1328 731 1593 784 Talauerae,
1614 745 1754 788 quum
1777 731 1951 776 euasis-‘

315 825 412 854 sem
428 810 678 867 periculum
695 808 840 864 fluuij,
861 807 938 864 qui
955 814 1139 865 pontem
1156 807 1396 853 deiecerat.
1418 807 1705 864 Reliqueram
1722 808 1953 865 Compluti

316 887 579 944 Chirogam:
605 886 743 930 alium
765 900 956 941 puerum
979 885 1226 928 Cuenchae
1247 885 1367 940 apud
1385 884 1681 929 Marchinam.

402 963 520 1008 Veni
542 964 600 1007 ad
622 965 676 1007 P.
702 962 996 1006 Franciscum
1021 962 1315 1006 Placentiam:
1341 962 1404 1005 ibi
1427 961 1604 1019 repperi
1627 961 1953 1018 obligationem

313 1055 415 1086 esse
438 1042 602 1084 factam
623 1054 705 1095 pro
727 1038 922 1095 collegio
945 1038 1113 1082 Montis
1135 1038 1284 1095 Regij,
1310 1045 1360 1081 vt
1387 1039 1606 1083 darentur
1622 1037 1883 1094 confessarij
1907 1045 1953 1082 et

314 1117 625 1170 concionator,
651 1131 741 1173 qua
762 1117 819 1159 de
840 1131 888 1159 re
905 1115 1119 1159 admonui
1143 1117 1195 1159 P.
1221 1117 1257 1159 F
1261 1115 1532 1160 ranciscum.

404 1194 604 1239 Dissolui
637 1194 940 1250 importunam
975 1192 1292 1246 dificultatem,
1323 1194 1446 1249 quod
1482 1208 1575 1236 non
1616 1194 1951 1249 abrogarentur

317 1279 498 1316 nostrae
521 1271 759 1315 facultates
794 1272 803 1292 ¹
844 1284 924 1326 per
959 1269 1223 1323 cruciatam;
1249 1285 1353 1314 nam
1390 1270 1595 1327 inspecto
1624 1270 1886 1326 diplomate,
1917 1268 1924 1327 Ι

317 1350 492 1393 nullum
514 1349 704 1392 verbum
730 1346 941 1404 legimus,
972 1361 1062 1402 quo
1098 1348 1560 1403 comprehenderetur
1582 1347 1802 1399 Societas,
1829 1346 1953 1402 quod

318 1426 404 1470 fuit
426 1424 755 1482 optatissimum
777 1423 960 1477 nostris3
981 1438 1085 1467 nam
1102 1423 1371 1467 dubitabant
1387 1439 1444 1468 ne
1461 1424 1654 1468 fuissent
1674 1422 1814 1476 irrita,
1835 1437 1952 1479 quae

319 1502 550 1554 fecissent,
571 1501 736 1545 omnia.

407 1579 517 1623 Inde
532 1579 590 1622 ad
605 1577 816 1621 comitem
834 1577 1083 1633 Oropesiae
1104 1584 1150 1622 et
1167 1578 1423 1631 Scalonam‚
1443 1578 1519 1621 vbi
1541 1591 1774 1635 speramus
1789 1591 1952 1621 conse-

317 1656 397 1712 qui
424 1655 619 1711 aliquam
652 1655 911 1711 opulentam
940 1654 1271 1710 eleemosynam
1294 1669 1376 1711 pro
1412 1654 1608 1711 collegio
1637 1668 1845 1707 romano;
1871 1654 1952 1697 sed

316 1732 526 1778 venimus
550 1746 690 1787 quum
736 1730 825 1774 iam
853 1737 974 1775 esset
1000 1738 1207 1775 mortuus
1234 1732 1343 1775 duX.
1377 1732 1443 1775 Ibi
1469 1731 1650 1789 incoepi
1678 1731 1876 1775 scribere
1904 1730 1950 1773 in

311 1809 677 1853 constitutiones.
704 1809 761 1851 Et
782 1807 947 1852 deinde
968 1808 1126 1864 scripsi
1149 1815 1307 1852 contra
1336 1808 1642 1853 Pedrochium
1665 1823 1747 1866 pro
1774 1807 1949 1852 exerci-

318 1885 392 1942 tijs
413 1887 447 1939 ²3
470 1900 591 1940 nam,
617 1885 737 1940 quod
761 1885 817 1928 ad
841 1884 1234 1941 gubernationem,
1260 1900 1382 1929 eram
1402 1885 1592 1929 otiosus.

405 1961 599 2018 Accepit
616 1963 669 2005 P.
695 1963 731 2004 F
735 1961 966 2004 ranciscus
983 1968 1142 2004 mutuo
1165 1977 1190 2005 a
1211 1961 1410 2006 Domino
1433 1962 1691 2015 Francisco,
1718 1962 1856 2007 fratre
1872 1976 1950 2005 co—

314 2039 437 2083 mitis
463 2038 727 2095 Oropesiae,
759 2048 869 2093 1500
913 2048 977 2084 Δε
1019 2039 1076 2081 ad
1097 2038 1143 2081 id
1180 2053 1267 2095 ego
1290 2054 1504 2083 veneram
1527 2053 1631 2082 cum
1649 2041 1712 2083 M.
1738 2038 1946 2083 Guterio:

311 2131 414 2161 eam
435 2115 673 2172 pecuniam
695 2129 784 2172 ego
807 2115 889 2158 tuli
911 2115 1240 2159 Vallisoletum:
1265 2116 1331 2159 ⁷1
1356 2123 1402 2159 et
1422 2116 1633 2172 hospitio,
1660 2131 1799 2172 quum
1817 2130 1951 2173 egre-

314 2194 447 2238 derer
467 2207 494 2236 a
521 2191 748 2244 cubiculo,
779 2191 1122 2248 representatio,
1154 2199 1240 2237 etc.
1284 2193 1440 2248 Quum
1476 2199 1684 2249 putarem
1719 2192 1951 2236 remissius

313 2266 391 2326 agi
413 2268 658 2326 negocium
675 2268 947 2324 prouisionis
969 2268 1270 2324 pecuniariae,
1296 2269 1578 2313 confidenter
1605 2268 1698 2312 dixi
1729 2271 1780 2313 P.
1806 2270 1842 2313 F
1846 2284 1951 2313 ran—

310 2346 440 2390 cisco
469 2361 542 2390 me
563 2361 644 2403 per
666 2359 737 2389 me
758 2345 1002 2403 negocium
1024 2345 1136 2389 illud
1165 2353 1389 2399 acturum,
1421 2354 1719 2391 euocaturum
1742 2346 1942 2400 Villano-

299 2412 435 2473 uam,
461 2430 549 2467 etc.
573 2422 848 2467 Accuratius
870 2437 942 2467 res
964 2430 1034 2466 est
1056 2422 1222 2468 deinde
1244 2430 1415 2467 curata.

401 2501 506 2544 Non
537 2501 655 2544 bene
683 2499 987 2544 conueniebat
1020 2502 1073 2543 P.
1112 2500 1309 2544 Araozio
1346 2515 1450 2544 cum
1483 2503 1536 2545 P.
1578 2501 1836 2545 Francisco.
1868 2502 1948 2547 Ille

308 2576 538 2621 abiecerat
565 2576 767 2620 animum
801 2591 827 2619 a
856 2576 1210 2633 gubernatione,
1249 2576 1324 2620 hic
1361 2584 1503 2621 totam
1543 2578 1635 2621 fere
1666 2586 1945 2635 susceperat.

309 2653 534 2698 Euocauit
549 2652 675 2697 illum
699 2652 972 2707 Simancam;
999 2652 1061 2696 ibi
1083 2653 1210 2696 illum
1227 2653 1430 2711 grauiter
1448 2654 1740 2711 reprehendit
1756 2656 1814 2700 de
1829 2656 1950 2699 mul-

309 2729 461 2782 tis,·et
487 2729 776 2787 praescripsit
806 2743 924 2785 quae
959 2729 1253 2783 videbantur,
1293 2745 1366 2775 me
1403 2738 1640 2787 praesente
1677 2740 1724 2776 et
1746 2733 1952 2789 Baptista

308 2807 487 2861 Barma;
507 2821 580 2850 me
597 2805 733 2851 etiam
751 2806 1030 2862 perstrinxit,
1050 2807 1172 2862 quod
1190 2805 1478 2868 importu[ne]
1506 2808 1512 2866 Ι
1541 2810 1597 2851 ad
1613 2809 1739 2854 illum
1762 2810 1948 2863 adirem,

383 2933 394 2954 ¹
511 2958 519 2967 .
672 2933 746 2967 tas.

301 3037 303 3039 v
379 2992 393 3012 ²
444 2931 746 3037 gzagggrtlipsit,
766 2990 888 3025 habes
906 2989 946 3025 in
968 2991 1046 3026 vol.
1074 2990 1130 3025 III
1153 2989 1345 3027 Chronici
1371 2991 1418 3027 P.
1454 2991 1650 3039 POLANCI,
1676 2994 1718 3030 in
1749 2994 1950 3044 Appendi-

308 3048 444 3085 cibus.
