2196 3522
1032 273 1122 311 1555
1848 262 1896 300 33

252 367 533 412 domesticis:
552 367 808 424 appellabat
824 368 882 411 ad
898 381 1158 423 carpensem
1188 368 1196 388 ¹
1221 373 1542 423 protectorem:
1562 372 1660 412 erat
1675 365 1892 422 suspicio,

252 445 380 501 quod
401 444 688 501 impetrasset
708 445 855 490 breue.
877 443 1192 501 exemptionis,
1217 450 1265 488 et
1285 442 1475 501 (opinor)
1503 441 1644 487 fuisse
1664 443 1752 486 hoc
1772 457 1895 493 com-

259 530 454 580 pertum.
487 522 692 566 Tandem
720 536 774 567 eo
803 528 1008 574 ventum,
1045 528 1094 564 vt
1127 520 1301 577 petenti
1336 520 1473 564 fuerit
1509 533 1726 564 concessa
1761 534 1895 577 pere—

254 599 457 657 grinatio
473 598 887 655 hierosolymitana.
913 600 979 642 Eo
997 605 1148 642 tamen
1165 612 1258 640 non
1274 596 1529 654 nauigauit,
1549 597 1646 650 sed,
1672 597 1895 653 probante

261 679 315 721 P.
347 676 542 734 Ignatio,
572 676 719 720 haesit
749 675 944 733 primum
972 674 1194 730 Venefijs,
1225 673 1332 717 dein
1363 673 1559 729 Patauij,
1591 674 1774 718 demum
1804 676 1894 717 Ba—

256 754 358 798 sani
379 755 427 798 in
448 768 633 798 secessu
657 755 710 797 P.
741 753 950 809 Gasparj.

252 884 254 887 ¹
348 833 457 876 Erat
478 833 660 875 futurus
680 836 937 875 conuentus
958 827 1130 886 imperij
1154 829 1413 885 Augustae:
1438 828 1496 871 ad
1523 827 1649 870 illum
1678 827 1894 885 designa-

261 910 327 953 uit
355 910 440 953 44
467 908 608 952 Iulius
642 909 845 965 legatum
884 908 1145 950 Moronum:
1178 904 1253 961 hic
1289 904 1417 961 petijt
1444 905 1560 948 duos
1599 905 1840 962 theologos
1867 921 1894 949 a

261 990 312 1031 P.
340 986 534 1044 Ignatio,
553 986 601 1030 id
627 985 762 1031 etiam
798 984 981 1029 volente
1017 982 1146 1026 Iulio.
1177 981 1459 1039 Designatus
1487 981 1574 1026 fuit
1611 983 1664 1025 P.
1692 982 1888 1038 Laynes:

254 1076 354 1108 21¹8
397 1063 594 1122 (opinor)
636 1062 723 1106 fuit
765 1062 947 1105 futurus
989 1061 1043 1104 P.
1088 1060 1346 1114 Salmeron,
1390 1058 1477 1103 nisi
1518 1059 1690 1103 veritus
1733 1059 1892 1104 fuisset

261 1144 314 1186 P.
334 1141 540 1199 Ignatius
556 1141 786 1184 offendere
802 1138 1001 1183 animum
1018 1137 1212 1192 Moroni,
1231 1137 1310 1194 qui
1327 1152 1384 1182 ex
1400 1138 1537 1182 rebus
1558 1136 1892 1182 mutinensibus

261 1218 514 1276 praeteritis
541 1218 811 1262 credebatur
836 1214 1035 1260 libertati
1061 1213 1338 1259 Salmeronis
1364 1213 1585 1258 infensus:
1625 1213 1892 1271 designatus

261 1311 363 1341 sum
391 1310 495 1353 ego.

349 1375 610 1430 Antequam
632 1373 776 1416 Roma
791 1371 1087 1423 discederem,
1106 1370 1224 1414 serio
1242 1369 1421 1427 egimus
1438 1376 1484 1415 et
1499 1368 1780 1414 confecimus
1799 1369 1891 1413 fere

261 1451 381 1508 apud
397 1450 560 1495 Iulium
575 1456 626 1493 vt
643 1448 861 1495 Societati
877 1448 1147 1493 concederet
1164 1446 1436 1506 [facultates]
1452 1447 1670 1503 quasdam
1687 1445 1892 1503 insignes

257 1536 306 1574 et
333 1528 465 1572 vtiles
492 1527 640 1572 valde:
672 1534 960 1570 concesserat
987 1525 1075 1569 iam
1106 1527 1281 1569 Puteus
1308 1522 1564 1569 cardinalis:
1595 1523 1717 1568 aliud
1744 1523 1752 1582 Ι
1779 1522 1893 1567 nihil

251 1605 600 1651 rdesiderabatur
627 1618 763 1660 quam
785 1611 834 1646 vt
864 1606 1039 1648 Puteus
1066 1603 1255 1647 referret
1282 1602 1341 1645 ad
1367 1600 1548 1645 Iulium:
1572 1615 1665 1644 non
1690 1599 1891 1644 solicita-

261 1690 368 1726 runt
396 1685 592 1727 Puteum
619 1688 670 1724 vt
698 1682 888 1726 referret
924 1687 1168 1736 antequam
1195 1678 1242 1722 in
1270 1678 1478 1722 morbum
1509 1692 1613 1722 eum
1636 1677 1810 1733 incidit,
1834 1692 1891 1722 ex

254 1775 352 1817 ⁴quo
381 1766 603 1803 mortuus:
644 1757 863 1802 iudicauit
899 1757 1097 1802 alienum
1133 1770 1233 1801 esse
1271 1762 1451 1812 tempus
1478 1754 1569 1808 ille,
1596 1769 1681 1800 nec
1720 1753 1889 1808 retulit;

259 1837 412 1894 itaque
433 1836 533 1880 illas
555 1836 794 1879 facultates
815 1848 1049 1890 nunquam
1070 1831 1428 1890 impetrauimus:
1459 1839 1584 1876 extat
1605 1832 1755 1876 adhuc
1781 1846 1891 1889 sup-

261 1913 444 1972 plicatio
479 1912 614 1956 domi.
656 1911 772 1956 Illud
808 1911 944 1957 etiam
981 1913 1068 1954 hoc
1104 1917 1304 1967 tempore
1340 1908 1520 1964 accidit,
1561 1908 1748 1967 (opinor)
1786 1915 1893 1954 ante

258 1991 544 2043 electionem,
575 1990 633 2035 de
660 2004 750 2046 qua
780 1988 872 2032 dixi
900 1987 1124 2045 superius.
1156 1986 1314 2031 Voluit
1337 1988 1388 2030 P.
1421 1986 1627 2042 Ignatius
1663 1985 1892 2043 inquirere

258 2070 318 2113 de
351 2083 453 2112 mea
488 2067 820 2125 gubernatione
856 2065 1085 2118 siciliensi,
1126 2072 1172 2110 et
1207 2064 1266 2109 de
1301 2079 1356 2110 ea
1386 2079 1436 2108 re
1472 2063 1737 2108 nominatim
1770 2063 1892 2119 quod

257 2145 446 2190 nimium
467 2159 614 2189 essem
637 2158 854 2201 praeceps
875 2151 921 2187 et
941 2142 1167 2186 violentus
1189 2156 1242 2186 ac
1270 2141 1572 2198 importunus:
1598 2140 1759 2184 indixit
1779 2155 1892 2184 con-

259 2222 577 2280 gregationem
612 2234 671 2276 40
706 2221 1010 2265 sacerdotum:
1042 2218 1207 2263 acriter
1235 2218 1350 2262 dixit
1373 2219 1430 2262 de
1456 2232 1529 2262 me
1554 2220 1607 2262 P.
1634 2218 1889 2262 Cor45ne—

258 2299 363 2353 lius,
403 2307 491 2345 etc.
533 2300 633 2356 Ego
662 2298 743 2351 fui,
774 2312 915 2355 quum
943 2296 1157 2349 dicerem,
1194 2302 1510 2353 compunctus;
1548 2301 1594 2338 et
1621 2295 1753 2352 plane
1790 2309 1891 2338 sum

259 2378 496 2421 consessus
517 2391 663 2420 meam
685 2376 963 2432 deploratam
984 2373 1307 2419 infirmitatem.

349 2453 455 2497 Dixi
478 2456 531 2498 P.
562 2453 740 2511 Ignatio
771 2453 829 2498 de
857 2459 964 2495 voto
1000 2451 1134 2503 illius,
1175 2450 1250 2494 cui
1277 2465 1378 2495 sum
1406 2452 1587 2494 locutus
1613 2449 1660 2492 in
1698 2448 1892 2493 transitu

261 2545 366 2574 cum
388 2531 596 2583 Tablare,
621 2537 669 2575 et
694 2535 1022 2574 commutatum
1050 2528 1097 2571 in
1125 2527 1365 2572 Societatis
1385 2529 1471 2571 sub
1500 2527 1663 2571 niceno
1691 2525 1887 2569 nomine:

260 2607 450 2651 missum
471 2614 541 2651 est
561 2609 718 2661 breue,
743 2615 831 2652 etc.
1900 2599 1905 2604 ⁸

349 2684 539 2728 Dixerat
558 2683 668 2727 mihi
691 2686 744 2727 P.
770 2682 975 2740 Ignatius
998 2681 1083 2725 tria
1105 2697 1153 2726 se
1179 2681 1460 2727 desiderasse
1482 2696 1509 2725 a
1530 2682 1630 2725 Deo
1650 2677 1885 2734 consequi:

255 2760 503 2807 Societatis
539 2760 942 2813 confirmationem,
983 2758 1227 2805 editionem
1264 2758 1655 2809 constitutionum,
1686 2762 1732 2799 et
1758 2768 1890 2799 exer-

260 2837 470 2882 citiorum
507 2836 894 2894 approbationem.
927 2837 1056 2881 Haec
1084 2850 1225 2892 quum
1254 2848 1344 2893 ego
1372 2833 1691 2885 meminissem,
1723 2839 1770 2878 et
1797 2831 1890 2875 dixi

255 2914 385 2972 [ssetz
406 2914 439 2974 ?]
460 2913 532 2957 «in
554 2912 714 2970 spiritu
736 2913 871 2956 modo
891 2927 1014 2957 eram
1036 2926 1125 2969 ego
1146 2912 1322 2967 altior»,
1352 2911 1360 2970 Ι
1387 2924 1666 2967 sumpseram
1686 2907 1891 2953 occasio—

336 3084 346 3102 ¹
396 3080 571 3125 Scilicet,
590 3079 639 3115 ad
654 3078 890 3115 cardinalem
907 3078 956 3115 de
974 3078 1106 3126 Carpi,
1124 3079 1332 3133 Societatis
1350 3083 1624 3126 protectorem.
