2196 3522
295 288 342 323 60
860 285 902 320 P.
932 285 1121 320 NATALIS
1146 285 1368 320 EPHEMER.

296 390 418 446 quod
439 389 485 431 in
513 385 915 432 constitutionibus
953 392 1074 429 esset
1115 386 1143 437 ¹,
1177 385 1248 428 vel
1275 399 1302 428 a
1329 385 1489 429 maiori
1518 392 1646 442 parte
1675 400 1934 444 congrega-

295 474 443 510 torum
470 465 477 523 Ι
507 467 694 509 Patrum
716 463 985 519 probaretur
1009 463 1042 505 ².

383 544 619 587 Venerunt
650 541 707 584 ad
734 539 950 596 placitum
977 536 1156 596 ternpus
1184 540 1405 584 electores
1441 554 1498 583 ex
1528 539 1685 596 primis
1716 541 1932 586 Patribus

294 621 544 671 Salmeron,
570 618 744 670 Simon,
776 615 1027 669 Bobadilla,
1060 615 1378 673 prouinciales,
1404 615 1616 660 Canisius
1635 618 1927 675 Germaniae,

293 700 350 741 D.
378 699 542 740 Torres
566 693 889 751 Portugalliae,
914 695 1205 738 Domenecus
1222 692 1419 746 Siciliae,
1441 693 1646 750 Baptista
1661 694 1718 738 de
1745 696 1927 751 Barma,

292 771 682 830 viceprouincialis
704 769 978 827 Aragoniae.
1007 772 1116 814 Erat
1138 769 1321 826 quidem
1349 770 1641 827 prouincialis
1668 772 1933 829 Aragoniae

294 853 346 895 P.
369 851 548 903 Strada,
569 848 749 903 sedhic,
771 855 984 892 causatus
1001 863 1129 891 suam
1147 847 1456 892 valetudinem
1474 847 1715 902 infirmam,
1735 863 1828 892 non
1849 863 1931 893 ve—

293 929 375 971 nit.
406 928 530 970 Idem
561 925 733 970 causati
760 926 867 968 sun‘t
890 927 942 968 Ρ.
983 926 1019 968 F
1023 924 1255 968 ranciscus
1287 924 1641 979 commissarius,
1663 926 1716 969 P.
1759 926 1929 979 Araoz,

291 1003 580 1062 prouincialis
603 1003 843 1056 Castellae,
864 1009 910 1046 et
928 1005 980 1045 P.
1003 1001 1364 1055 Bustamantius,
1385 1001 1678 1058 prouincialis
1696 1001 1926 1057 Bethices;

293 1082 447 1137 itaque
464 1081 709 1124 abfuerunt
726 1093 750 1134 3
767 1078 1069 1135 prouinciales
1086 1085 1132 1121 et
1147 1093 1281 1121 vnus.
1305 1079 1423 1121 1⁰9
1440 1078 1768 1123 Existimantur
1779 1079 1929 1123 adhuc

293 1157 549 1203 necessario
573 1156 795 1200 euocandi
817 1156 1111 1200 commissarii
1134 1157 1167 1200 ³.

384 1234 523 1278 Primi
545 1234 735 1291 professi
757 1235 880 1277 nulla
900 1234 1004 1290 lege
1026 1233 1402 1277 constitutionum
1426 1234 1610 1277 fuerunt
1632 1234 1827 1289 euocati,
1847 1236 1929 1278 sed

294 1326 519 1356 consensu
552 1318 598 1356 et
625 1310 890 1367 probatione
921 1313 1125 1363 Patrum,
1150 1317 1335 1367 propter
1356 1325 1516 1354 eorum
1539 1309 1826 1367 dignitatem.
1859 1312 1927 1355 Ex

295 1388 575 1445 Portugallia
597 1387 722 1432 venit
743 1389 977 1444 professus
1000 1390 1053 1431 Ρ.
1087 1387 1254 1443 Mjron,
1280 1403 1336 1433 ex
1368 1387 1517 1432 Gallia
1542 1390 1595 1431 P.
1637 1388 1926 1444 Pelletarius,

293 1480 350 1509 ex
381 1465 627 1509 Germania
658 1464 856 1508 Lanoius
885 1472 930 1509 et
965 1467 1017 1508 Ρ.
1050 1466 1288 1519 Vsmarus3
1319 1479 1376 1508 ex
1406 1464 1635 1519 Flandria,
1670 1464 1747 1508 vbi
1779 1466 1928 1510 adhuc

293 1557 386 1586 non
401 1549 498 1585 erat
515 1540 820 1598 prouincialis,
840 1541 964 1585 venit
981 1542 1212 1598 professus
1226 1543 1280 1585 P.
1301 1543 1578 1596 Euerardus,
1598 1557 1654 1585 ex
1682 1543 1929 1599 Portugal—

291 1619 351 1663 lia
381 1621 432 1662 P.
465 1618 728 1662 Ludouicus
756 1619 985 1673 Goncales
1013 1625 1058 1661 et
1087 1621 1140 1662 P.
1173 1619 1407 1675 Goncalus
1429 1620 1654 1672 Vazaeus,
1686 1633 1743 1662 ex
1774 1619 1930 1664 Sicilia

294 1698 347 1739 Ρ.
373 1695 539 1750 Vinck,
567 1697 619 1738 P.
645 1696 785 1750 Placa
807 1711 863 1739 ex
886 1695 1089 1739 Bethica.
1121 1695 1127 1754 Ι

382 1774 522 1815 Erant
534 1773 702 1815 Romae
719 1773 956 1825 electores,
978 1774 1115 1817 Pater
1131 1772 1345 1825 vicarius,
1367 1774 1421 1816 P.
1445 1773 1676 1816 Polancus
1691 1780 1738 1816 et
1755 1776 1809 1817 P.
1829 1775 1924 1818 Na—

292 1849 410 1903 talis,
435 1856 485 1892 vt
505 1848 838 1892 commissarius
860 1850 1101 1905 generalis,
1127 1865 1222 1893 non
1243 1856 1341 1894 erat
1362 1849 1482 1893 enim
1510 1851 1659 1893 adhuc
1687 1850 1925 1895 definitum

292 1926 350 1970 de
381 1925 714 1981 commissarijs.
746 1926 1049 1970 Aduenerunt
1075 1933 1309 1982 praeterea
1331 1933 1647 1983 procuratores
1675 1927 1830 1983 aliqui,
1867 1928 1927 1972 de

294 2002 460 2058 quibus
482 2008 653 2058 postea.

381 2080 536 2135 Quum
573 2079 662 2121 iam
698 2093 855 2122 omnes
891 2079 1214 2124 conuenissent
1253 2082 1413 2125 Patres
1443 2080 1707 2137 supradicti,
1748 2088 1929 2138 praeter

293 2157 518 2209 Barmam,
545 2155 621 2211 qui
644 2155 788 2212 pridie
809 2155 1043 2201 electionis
1065 2156 1289 2212 peruenit,
1311 2157 1397 2200 fuit
1417 2164 1567 2202 tamen
1583 2158 1641 2200 ad
1658 2157 1926 2202 electionem

290 2231 532 2287 admissus,
572 2239 617 2277 et
654 2247 749 2275 non
785 2239 937 2275 essent
968 2233 1239 2289 expectandi
1273 2235 1326 2277 P.
1358 2234 1647 2287 Franciscus,
1683 2234 1923 2289 Araozius,

291 2309 499 2355 Stradius
522 2316 567 2354 et
590 2309 946 2363 Bustamantius,
972 2316 1020 2352 vt
1049 2324 1162 2365 quos
1191 2310 1410 2354 sciremus
1438 2325 1531 2354 non
1558 2326 1660 2356 esse
1685 2318 1922 2366 venturos;

290 2386 366 2443 agi
388 2393 600 2443 coeptum
621 2393 691 2430 est
713 2387 770 2431 de
790 2386 904 2430 110
926 2386 1162 2440 electione,
1188 2394 1234 2431 et
1255 2386 1450 2443 primum
1467 2395 1746 2433 censuerunt
1763 2390 1926 2433 Patres

290 2464 519 2520 agendum
547 2464 604 2508 de
632 2463 703 2519 ijs,
734 2477 851 2519 quae
879 2470 984 2507 ante
1012 2464 1298 2518 electionem3
1331 2466 1453 2520 quod
1481 2471 1723 2521 antequam
1753 2465 1923 2511 facere-

290 2554 406 2593 mus,
436 2541 493 2585 de
524 2554 749 2584 consensu
779 2542 966 2584 Patrum
994 2540 1105 2596 adijt
1133 2542 1327 2584 Paulum
1357 2543 1494 2586 Pater
1520 2541 1717 2585 vicarius
1747 2546 1793 2586 et
1821 2543 1924 2589 Sal-

287 2631 448 2660 meron
470 2618 526 2660 de
547 2617 618 2660 his
639 2618 791 2661 rebus.
818 2617 1026 2674 Benigne
1050 2619 1234 2661 fuerunt
1255 2618 1445 2675 accepti.
1476 2618 1618 2662 Dixit:
1654 2620 1814 2664 «Hanc
1840 2620 1925 2664 be-

286 2693 513 2738 nedictam
530 2693 803 2739 Societatem
820 2708 909 2751 ego
925 2691 1066 2738 iuui».
1080 2694 1307 2738 Laudauit
1323 2702 1557 2751 praeterea
1565 2695 1718 2739 diuam
1730 2697 1926 2753 Magda-

288 2771 453 2823 lenam,
479 2780 525 2814 et
545 2770 657 2815 illud
678 2770 942 2814 nominatim
965 2771 1117 2828 attigit
1139 2773 1263 2827 quod
1285 2772 1342 2815 ad
1364 2774 1499 2816 horas
1527 2772 1770 2816 canonicas
1796 2773 1923 2818 leua-

286 2853 412 2890 retur
448 2848 505 2890 ab
547 2847 739 2904 angelis,
784 2854 1002 2904 perpetuo
1044 2847 1217 2893 scilicet
1244 2848 1446 2894 retinens
1473 2849 1623 2893 animo
1652 2851 1859 2894 chorum.
1891 2849 1898 2907 Ι

289 2928 355 2935 -Ἇ

358 2973 369 2992 ¹
419 2971 508 3018 Ms.,
527 2974 583 3007 est
600 2972 645 3007 in
663 2972 1011 3007 constitutionibus
1028 2976 1138 3009 esset.

354 3032 368 3051 ²
419 3030 677 3072 SAccnmth,
697 3031 776 3066 loc.
800 3029 882 3076 cit.,
903 3031 971 3067 lib.
991 3040 1032 3077 11,
1051 3044 1093 3068 n.
1122 3032 1176 3068 16.

354 3089 369 3110 ³
418 3089 506 3134 Ms.,
526 3090 748 3125 euocandos
765 3090 1073 3127 commissarios.
