2196 3522
1037 251 1128 289 Ῑ557
1854 247 1897 284 5Ι

261 360 397 390 nasse
413 345 704 392 Societatem.
730 347 821 390 Hic
841 353 939 390 erat
961 344 1139 389 animus
1157 343 1289 389 Pauli
1310 342 1373 399 4.i
1397 343 1479 386 89
1500 355 1612 399 erga
1633 356 1733 394 nos,
1765 347 1812 386 et
1833 347 1903 384 ta-

259 437 368 467 men
395 422 444 466 in
470 423 622 480 precio
658 424 858 469 habebat
893 438 1072 480 semper
1105 424 1157 466 P.
1191 423 1408 479 Laynem:
1451 418 1686 464 Bobadilla
1718 418 1903 475 quidem

263 500 412 544 fuerat
432 500 496 544 illi
518 500 761 545 familiaris.
788 502 855 545 Ita
876 515 948 545 res
969 506 1066 544 erat
1095 513 1236 555 quum
1264 505 1422 543 exorta
1443 496 1531 540 fuit
1560 496 1638 540 illa
1660 501 1906 552 tempestas

265 577 416 634 Pontij
441 586 488 622 et
510 578 790 623 Bobadillae.

350 656 513 700 Errore
542 658 713 700 tactum
740 656 889 701 fuerat
915 656 989 700 vel
1016 669 1125 699 casu
1153 661 1203 697 vt
1230 653 1438 698 venirent
1470 654 1659 696 Romam
1688 650 1817 707 quasi
1847 650 1904 694 ad

259 732 528 777 electionem
550 733 722 790 aliquot
743 735 920 779 Patres:
946 739 1212 789 receperant
1229 730 1402 775 scilicet
1423 729 1590 786 primas
1606 729 1776 780 literas,
1802 726 1904 784 qui—

259 810 347 854 bus
367 810 650 854 vocabantur
670 811 727 855 ad
748 809 1173 868 congregationem,
1194 822 1288 852 non
1306 818 1415 860 2.as,
1437 806 1604 863 quibus
1622 806 1903 849 reuocaban—

258 894 347 931 tur.
360 888 599 932 Venerunt
614 886 757 944 igitur
773 889 964 932 Romam
982 887 1036 930 P.
1049 885 1317 930 Leonardus
1335 891 1382 928 et
1399 883 1632 942 Adrianus
1650 896 1706 927 ex
1733 881 1740 940 Ι
1766 883 1802 925 F
1804 882 1905 926 lan-

258 963 371 1007 dria:
396 979 453 1009 ex
474 964 720 1009 Germania
743 965 796 1008 P.
823 963 1052 1016 Canisius‚
1073 961 1274 1007 Lanoius
1295 968 1342 1006 et
1369 960 1639 1005 Gaudanus:
1668 974 1726 1004 ex
1754 958 1904 1003 Gallia

261 1043 315 1085 P.
342 1042 630 1086 Paschasius:
656 1057 713 1087 ex
734 1041 861 1086 Italia
879 1043 932 1085 P.
960 1039 1212 1093 Bobadilla,
1237 1039 1394 1085 Simon
1415 1044 1462 1082 et
1489 1037 1639 1082 Viola:
1671 1051 1728 1080 ex
1751 1035 1903 1081 Sicilia

260 1120 314 1162 P.
339 1121 630 1164 Domenecus
651 1125 696 1164 et
718 1118 958 1172 Vinchius3
990 1125 1036 1163 et
1064 1117 1111 1160 hi
1139 1116 1323 1174 quidem
1351 1131 1510 1160 omnes
1532 1114 1740 1172 professi:
1774 1119 1902 1157 erant

262 1197 433 1241 Romae
455 1196 646 1254 professi
671 1210 712 1252 3,
739 1198 790 1240 P.
815 1197 1012 1253 Laynes,
1047 1196 1275 1239 Polancus
1302 1201 1349 1238 et
1376 1192 1567 1247 Natalis3
1598 1198 1695 1236 erat
1724 1192 1776 1235 P.
1805 1191 1902 1236 Sal-

261 1288 420 1319 meron
443 1273 490 1317 in
512 1275 548 1318 F
550 1273 725 1318 landria
746 1287 852 1318 cum
874 1274 1047 1330 legato.

350 1351 644 1407 Complutum
661 1357 964 1407 peruenerant
981 1348 1166 1394 lusitani
1185 1350 1362 1403 Patres,
1382 1355 1432 1391 vt
1448 1347 1580 1392 facile
1594 1346 1753 1390 fuisset
1770 1345 1903 1403 legit·

260 1427 414 1471 timam
436 1427 558 1473 coire
587 1426 1005 1485 congregationem,
1037 1425 1124 1470 nisi
1154 1425 1235 1470 2.iS
1265 1424 1408 1470 literis
1435 1427 1596 1468 Patres
1619 1422 1812 1467 fuissent
1833 1422 1905 1466 in-

258 1504 496 1562 terpellati,
521 1520 626 1549 nam
647 1503 828 1561 hispani
850 1504 922 1561 alij
948 1519 1041 1548 non
1062 1510 1192 1548 erant
1208 1501 1407 1547 venturi.

346 1581 548 1639 Incoepit
575 1581 664 1626 iam
693 1581 888 1639 primum
917 1595 1054 1639 aegre
1092 1581 1210 1626 ferre
1249 1578 1500 1632 Bobadilla,
1535 1579 1624 1622 9⁰
1656 1577 1903 1636 gubernari

257 1658 532 1705 Societatem
554 1674 633 1716 per
649 1659 884 1711 vicarium,
905 1658 1146 1716 indignum
1164 1672 1264 1702 esse
1281 1672 1374 1702 non
1390 1671 1471 1714 per
1487 1656 1657 1714 primos
1674 1656 1904 1713 professos

258 1743 306 1780 et
326 1735 475 1780 socios
494 1736 662 1793 primos
685 1737 738 1780 P.
765 1736 946 1793 Ignatij,
972 1750 1053 1792 per
1082 1749 1176 1788 eos,
1208 1735 1286 1792 qui
1309 1734 1357 1778 in
1384 1732 1727 1778 confirmatione
1756 1732 1903 1776 nomi-

257 1820 492 1867 narentur,
518 1813 618 1857 illos
634 1828 727 1857 non
742 1814 909 1858 debere
926 1813 972 1856 in
989 1812 1322 1870 gubernatione
1353 1810 1600 1864 contemni,
1620 1809 1697 1866 qui
1723 1810 1904 1853 fuerant

259 1890 307 1933 in
327 1890 594 1934 fundatione
611 1890 854 1935 Societatis
877 1889 986 1946 socij
1014 1891 1043 1933 ¹.

349 1968 478 2012 Haec
490 1968 658 2024 agebat
684 1967 692 2026 Ι
720 1967 915 2024 primum
933 1967 1054 2011 domi
1064 1966 1251 2011 liberius
1263 1966 1666 2021 Bobadilla,atque
1677 1964 1791 2008 adeo
1803 1970 1902 2007 tur-

255 2045 467 2089 bulenter
488 2052 534 2088 et
555 2043 770 2089 seditiose
791 2043 981 2087 abduxit
1003 2043 1051 2087 in
1074 2058 1203 2099 suam
1221 2043 1493 2089 sententiam
1511 2055 1539 2097 4
1556 2042 1799 2099 professos:
1826 2039 1901 2085 Si-

255 2136 453 2174 monem,
481 2121 794 2176 Paschasium,
821 2121 1001 2166 Violam
1022 2129 1068 2165 et
1090 2120 1361 2165 Adrianum.
1389 2119 1687 2164 Paschasium
1717 2124 1903 2175 propter

256 2198 356 2243 eius
377 2198 728 2255 simplicitatem,
749 2213 855 2242 nam
876 2197 952 2242 hic
975 2197 1061 2241 fuit
1083 2211 1261 2254 semper
1277 2197 1537 2255 inculpatae
1555 2196 1692 2249 vitae,
1712 2195 1902 2252 ignarus

258 2283 412 2321 tamen
434 2275 827 2319 constitutionum.
853 2275 1012 2321 Simon
1029 2275 1161 2320 facile
1183 2275 1410 2319 abductus
1427 2274 1643 2327 creditur,
1664 2273 1739 2318 vel
1755 2287 1836 2329 per
1852 2287 1903 2316 se

258 2353 378 2397 idem
400 2353 680 2410 concepisse,
701 2354 824 2409 quod
846 2354 995 2397 adhuc
1016 2352 1234 2398 retineret
1256 2351 1519 2397 memoriam
1541 2351 1612 2395 sui
1634 2350 1806 2406 iudicij;
1827 2349 1901 2392 hic

257 2429 379 2473 enim
398 2436 449 2473 vt
469 2437 658 2475 venerat
686 2431 894 2484 Romam,
924 2430 1047 2486 quod
1070 2429 1281 2486 superius
1307 2429 1560 2487 attigimus,
1586 2428 1647 2471 ibi
1678 2429 1731 2471 P.
1764 2428 1900 2484 Igna—

256 2505 348 2549 tius
369 2507 587 2551 censebat
607 2507 864 2551 amnistiam
887 2506 986 2552 fieri
1007 2506 1355 2563 praeteritarum
1376 2520 1544 2550 rerum:
1567 2505 1723 2551 Simon
1748 2511 1899 2548 tamen

255 2582 490 2627 contendit
506 2582 725 2627 iudicium
741 2583 987 2637 diceretur,
1012 2584 1135 2640 quod
1163 2583 1340 2628 etiamsi
1362 2584 1496 2640 plane
1518 2582 1748 2626 videretur
1780 2579 1898 2623 indi-

256 2659 527 2717 gnissimum
547 2667 594 2703 et
615 2661 809 2717 exempli
837 2661 1043 2718 pessimi,
1077 2660 1267 2705 indulsit
1303 2661 1374 2704 91
1407 2668 1558 2704 tamen
1588 2661 1641 2702 P.
1674 2657 1895 2715 Ignatius,

254 2735 506 2793 designatis
527 2748 556 2790 4
592 2736 834 2790 iudicibuS,
856 2728 930 2782 Ῥ.
972 2739 1190 2791 Polanco,
1223 2738 1406 2792 Olauio,
1449 2738 1605 2782 Miona
1642 2743 1687 2780 et
1711 2734 1895 2787 Pontio,

254 2827 370 2869 quos
391 2827 484 2855 non
505 2812 761 2869 repudiauit
789 2814 963 2870 Simon,
995 2815 1224 2859 actoribus
1262 2816 1317 2859 P.
1352 2814 1592 2859 Ludouico
1629 2813 1835 2868 Goncalo
1851 2818 1900 2855 et

253 2888 487 2933 Camerio:
528 2896 630 2933 acta
667 2903 806 2933 causa
842 2898 928 2944 est,
953 2899 1146 2949 rogante
1175 2893 1229 2935 P.
1265 2891 1460 2948 Ignatio,
1485 2898 1535 2934 vt
1558 2890 1595 2934 si
1625 2891 1752 2933 locus
1775 2896 1896 2934 esset

256 2966 449 3023 gratiae,
474 2965 626 3022 potius
648 2965 855 3011 fauerent
877 2968 1052 3013 Simoni
1073 2968 1247 3014 iudices
1270 2983 1404 3025 quam
1427 2967 1673 3020 actoribus3
1693 2965 1896 3010 omnium

332 3053 343 3074 ¹
395 3053 654 3098 SAccnmus,
674 3054 753 3090 loc.
776 3054 861 3101 cit.,
879 3067 918 3091 n.
937 3063 997 3102 74.
