2196 3522
661 8 677 16 ¹*
729 0 1227 40 -wssffl‘ffff‘wffss
1315 0 1449 19 -.-
1461 0 1479 18 ἃ
1492 0 1553 20 W
1571 0 1603 27 >¹1
1616 0 1699 27 5251·
1899 0 1906 4 ·’
2002 0 2007 2 ·
2023 5 2025 7 ·
2055 0 2057 2 ·
2106 10 2111 17 ·

722 31 735 39 n
764 42 767 49 r
786 33 800 42 J,
812 29 826 55 ζ..
836 27 890 54 isa?
907 34 922 48 ,λ
942 55 947 57 μ
1004 42 1016 52 ὁ
1083 28 1157 55 ..v-*J*
1215 31 1236 46 »ἦ
1263 31 1266 33 >
1465 30 1473 34 ι
1615 45 1618 47 ¹
1651 29 1655 35 .
1667 46 1670 50 .
1775 30 1779 32 .

989 290 1212 327 Appnumx
1843 292 1910 338 561

239 410 243 415 ·
280 393 389 437 todo
409 398 571 449 gastey
592 406 649 435 en
674 392 847 436 officios
877 393 934 436 de
961 406 1081 445 casa,
1105 407 1132 437 e
1158 406 1214 435 ao
1242 399 1450 448 presente
1481 397 1560 436 sao
1584 394 1812 450 forneyro,
1837 408 1863 438 e
1885 408 1916 437 o

280 452 452 497 demais
474 453 554 507 fuy
574 452 882 497 cozinheiro...
915 464 986 495 22.
1018 453 1134 495 Nam
1163 453 1302 495 tenho
1330 453 1510 496 ordens.
1545 465 1616 508 23.
1650 453 1734 496 Em
1763 454 1913 496 Evora

282 512 364 567 fuy
384 511 655 564 cozinheiro,
681 511 906 567 roupeiro,
930 510 1225 565 refeitoreiro,
1249 511 1572 567 despenseyro,
1593 527 1665 556 em
1683 512 1912 568 Coymbra

277 569 538 614 cozinheiro
555 585 580 613 e
598 571 862 626 forneyro...
884 569 954 614 2.⁸*
971 570 1097 623 seira,
1129 569 1194 613 13²
1216 578 1380 626 oytava
1400 571 1459 614 do
1481 571 1652 628 Spirito
1674 579 1832 615 sancto
1854 572 1912 615 de

289 630 395 684 1561
422 644 619 673 annos...
645 628 715 687 [II,
742 631 782 686 2]

378 701 414 732 1.
479 691 629 733 Vocor
644 689 879 746 Jolzannes
903 689 1068 732 Coxus.
1095 700 1138 730 2.
1163 687 1339 744 Viginti
1357 688 1558 744 quinque
1574 695 1723 732 natus.
1747 702 1788 743 3.
1810 689 1911 732 An-

280 748 402 804 glus,
429 747 687 803 prouinciae
723 747 1064 791 wintonensis...
1098 758 1141 801 7.
1172 748 1294 790 Dum
1322 747 1587 804 ingrederer
1614 748 1907 801 Societatem,

279 808 474 863 agebam
496 808 826 851 sacerdotem...
858 819 924 850 12.
949 806 1036 850 Die
1057 807 1258 849 secundo
1279 806 1552 850 Novembris
1574 814 1786 863 receptus
1807 822 1909 850 sum

280 881 307 909 a
328 867 440 909 Rdo.
471 868 604 909 Patre
626 866 826 923 generali
848 865 1068 918 Tridenti‚
1093 866 1150 909 ab
1172 864 1272 921 ipso
1293 880 1384 908 non
1402 866 1742 910 examinatus...
1770 877 1836 921 15.
1858 868 1908 910 In

280 939 465 968 romana
492 926 628 968 domo
655 926 960 982 professorum
993 933 1038 969 et
1065 924 1342 980 enipontano
1369 925 1563 981 collegio
1593 926 1909 969 tantummodo

280 984 360 1028 fui.
392 986 458 1028 16.
492 985 790 1029 Probationes
813 984 912 1028 feci.
945 997 982 1027 1.
1008 983 1202 1040 Quatior
1222 983 1383 1028 diebus
1411 985 1497 1029 feci
1526 984 1784 1028 exsercittia
1813 985 1908 1040 spi-

278 1043 456 1086 ritualia
478 1045 634 1088 Rome.
668 1056 710 1087 2.
745 1045 847 1087 Non
879 1042 1095 1087 inserviui
1125 1042 1172 1085 in
1202 1043 1496 1086 senodochio.
1528 1057 1569 1098 3.
1600 1045 1742 1087 Roma
1764 1058 1908 1099 vsque

278 1104 559 1147 Tredentum
581 1103 686 1147 veni
707 1102 1060 1159 peregrinatum.
1085 1103 1174 1158 [III,
1195 1103 1295 1158 262]

372 1175 409 1205 1.
466 1163 668 1219 Joannes
698 1163 962 1218 Dionysius.
1000 1174 1043 1204 2.
1078 1161 1254 1218 Viginti
1286 1168 1332 1204 et
1363 1175 1520 1204 unum.
1564 1174 1605 1216 3.
1646 1162 1906 1205 Germanus

278 1220 496 1276 geldrius,
522 1222 607 1264 sub
629 1220 888 1277 episcopatu
918 1220 1180 1273 coloniensi,
1211 1220 1566 1277 nouiomagus...
1606 1233 1672 1263 12.
1707 1221 1906 1276 [Admis-

278 1294 358 1323 sus
378 1280 449 1336 ab]
474 1280 602 1323 annis
630 1281 808 1324 duobus
835 1279 1050 1324 Coloniae
1077 1294 1103 1322 a
1133 1281 1186 1323 R.
1221 1282 1274 1323 P.
1306 1281 1610 1324 Leonardo....
1650 1292 1716 1333 14.
1744 1279 1907 1323 Laicus

275 1353 394 1391 sum,
421 1340 500 1383 sed
522 1339 708 1395 primam
731 1346 978 1392 tonsuram,
1003 1346 1052 1382 vt
1078 1346 1259 1392 vocant,
1289 1340 1451 1383 habeo.
1489 1350 1555 1393 15.
1588 1340 1638 1381 In
1660 1337 1905 1382 coloniensi

275 1412 462 1454 semper.
492 1399 581 1454 [111,
612 1411 708 1454 132,
740 1399 834 1454 133]

371 1470 408 1501 1.
466 1459 669 1514 joannes
699 1459 909 1500 Dirsius.
950 1469 992 1500 2.
1032 1457 1193 1500 Annos
1226 1469 1276 1511 31
1312 1457 1385 1500 vel
1414 1468 1486 1511 32,
1516 1463 1641 1501 certo
1668 1471 1760 1499 non
1795 1456 1901 1500 scio.

277 1529 319 1570 3.
345 1516 538 1560 Natione
559 1531 658 1560 sum
681 1531 940 1573 germanus,
962 1517 1157 1560 bauarus
1174 1522 1219 1560 et
1240 1515 1629 1559 eichstettensis...
1656 1527 1698 1569 7.
1724 1515 1809 1559 Fui
1826 1530 1901 1558 ca-

274 1575 467 1619 nonicus
488 1591 518 1632 y
540 1575 634 1634 [sic]
657 1575 852 1621 dioecesi
869 1574 1137 1628 eistettensi,
1157 1574 1478 1628 subdiaconus3
1498 1582 1545 1618 et
1562 1574 1827 1631 Ingolstadii
1848 1574 1903 1617 li-

276 1634 383 1677 teris
404 1649 585 1690 operam
608 1635 766 1679 dedi...
804 1647 869 1678 12.
897 1635 1034 1678 Anno
1062 1645 1170 1689 1552
1190 1634 1294 1678 ueni
1311 1634 1366 1677 ad
1385 1634 1674 1686 Societatem,
1694 1640 1904 1690 receptus

273 1708 301 1736 a
324 1695 376 1736 P.
403 1694 593 1737 Claudio
613 1693 660 1737 in
682 1694 873 1750 collegio
893 1693 1143 1737 viennensi.
1171 1692 1464 1736 Examinatus
1487 1700 1596 1736 tunc
1618 1692 1682 1736 fui
1704 1693 1898 1737 obiter...

281 1765 347 1806 14.
368 1754 590 1797 Sacerdos
605 1768 704 1796 sum
711 1753 953 1820 indignus,
969 1759 1223 1809 promotus,
1236 1760 1282 1796 et
1297 1751 1437 1795 sacris
1453 1752 1654 1795 initiatus
1672 1767 1698 1795 a
1715 1754 1826 1796 Rev.
1840 1763 1904 1787 1110

273 1812 612 1868 archiepiscopo
642 1811 948 1869 strigoniensi.
986 1823 1053 1867 15
1085 1811 1190 1855 Vixi
1218 1811 1262 1854 in
1293 1811 1486 1878 collegio
1514 1811 1772 1863 viennensi,
1797 1826 1902 1867 pra-

275 1871 421 1925 gensi,
447 1882 647 1923 romano,
673 1871 1028 1928 ingolstadiensi,
1056 1871 1331 1923 monacensi,
1356 1870 1678 1937 oenipontano.
1711 1871 1777 1913 16.
1803 1872 1902 1914 Do—

272 1929 464 1974 ctrinam
493 1931 780 1974 christianam
808 1930 988 1986 publice
1017 1937 1063 1974 et
1098 1929 1307 1986 privatim
1335 1929 1540 1973 multos
1529 1945 1615 1973 lam
1645 1944 1787 1973 annos
1815 1929 1902 1986 legi

272 1989 420 2032 omnis
442 1989 623 2046 generis
644 1989 916 2034 hominibus.
942 1989 1250 2033 Concionatus
1266 2004 1383 2032 sum:
1403 1988 1557 2032 audiui
1574 1988 1897 2032 confessiones.

273 2048 388 2105 Legi
416 2048 460 2091 in
489 2049 657 2092 scholis
686 2062 878 2105 semper,
909 2048 1110 2104 exceptis
1146 2049 1325 2091 duobus
1361 2048 1506 2100 annis,
1539 2048 1704 2103 quibus
1732 2049 1901 2092 Romae

271 2107 380 2150 vixi.
406 2119 471 2161 17.
499 2109 718 2151 Versatus
739 2123 839 2151 sum
860 2107 987 2163 quasi
1009 2121 1185 2163 semper
1206 2107 1251 2150 in
1268 2106 1403 2150 variis
1419 2107 1659 2151 exercitiis.
1682 2108 1902 2150 Versatus

271 2180 373 2210 sum
395 2166 441 2209 in
464 2166 784 2223 philosophicis
806 2174 852 2211 et
874 2165 1156 2223 theologicis,
1177 2165 1364 2222 aliisque
1380 2166 1541 2209 studiis
1558 2165 1901 2209 humanioribus

268 2232 318 2269 et
339 2225 522 2282 linguis.
549 2226 752 2270 Viennae
773 2225 848 2282 egi
869 2225 1122 2269 ministrum
1146 2232 1191 2269 et
1201 2232 1454 2278 'rectorem;
1479 2225 1642 2270 deinde
1669 2226 1897 2268 confessa>

272 2284 388 2327 rium
411 2284 591 2341 collegii
613 2293 658 2329 et
680 2285 850 2340 templi,
875 2291 926 2327 ut
947 2283 1189 2328 Monachii.
1215 2285 1326 2328 Item
1349 2283 1414 2326 fui
1435 2285 1513 2327 diu
1529 2285 1784 2340 praefectus
1801 2291 1892 2326 stu*

271 2343 450 2386 diorum
473 2344 677 2388 Viennae
698 2351 744 2387 et
772 2343 1053 2388 Monachii...
1083 2344 1171 2400 [III,
1198 2354 1299 2398 507,
1326 2344 1425 2398 512]

370 2415 406 2446 1.
463 2403 666 2460 joannes
702 2403 884 2445 Fabius.
926 2414 971 2445 2.
1010 2403 1156 2446 Natus
1179 2417 1292 2446 sum
1330 2417 1472 2446 annos
1508 2403 1662 2445 decem
1701 2416 1817 2457 pene
1854 2407 1899 2445 et

274 2468 465 2517 septem.
508 2475 548 2517 3.
590 2461 784 2506 Natione
825 2462 995 2518 gallus,
1034 2460 1268 2518 prouincia
1302 2460 1568 2513 leodiensis,
1613 2460 1900 2516 episcopatus

226 2568 232 2573 ,
275 2520 495 2575 ejusdem,
522 2521 663 2576 patria
684 2521 993 2564 dionantinus.
1015 2555 1023 2562 .
1045 2555 1052 2562 .
1080 2521 1123 2563 6.
1144 2521 1305 2565 Habeo
1328 2521 1510 2564 fratrem
1533 2534 1673 2562 unum
1697 2519 1743 2561 in
1766 2533 1899 2561 mun—

276 2580 413 2622 do...
460 2580 650 2623 alterum
689 2581 870 2624 fratrem
907 2580 1053 2622 habeo
1088 2579 1162 2622 hic
1197 2579 1244 2622 in
1281 2579 1509 2624 Societate
1554 2580 1586 2620 ¹.
1639 2590 1708 2621 12.
1755 2579 1902 2620 Erunt

278 2639 350 2694 [ab
372 2637 581 2694 ingressu
609 2639 655 2682 in
679 2640 811 2694 Soc.]
844 2646 934 2682 tres
962 2637 1067 2681 anni
1094 2637 1142 2680 in
1169 2638 1285 2682 festo
1308 2637 1569 2681 Natiuitatis
1596 2636 1798 2680 Domini.
1819 2670 1826 2678 .
1849 2670 1856 2678 .
1880 2671 1889 2678 .

281 2710 352 2751 14.
385 2698 506 2740 Non.
546 2708 615 2752 15.
648 2698 878 2750 Coloniae,
903 2697 977 2740 hic
999 2711 1175 2753 semper
1196 2696 1281 2739 fui.
1316 2698 1406 2754 [111,
1432 2698 1532 2752 328,
1560 2697 1659 2753 329]

369 2768 406 2799 1.
464 2756 668 2813 joannes
701 2757 920 2799 Flander.
959 2768 1004 2799 2.
1042 2755 1326 2812 Vigintitres,
1364 2762 1415 2798 ut
1447 2763 1575 2812 puto
1619 2768 1664 2809 3.
1706 2752 1903 2797 Natione

271 2815 444 2859 flander
463 2816 537 2859 vel
560 2815 879 2868 tranisulanus,
906 2816 1160 2868 hollandus,
1185 2830 1241 2858 ex
1257 2814 1420 2871 oppido
1437 2816 1689 2870 Campen..
1711 2824 1788 2866 ..7
1815 2813 1902 2856 Se-

270 2875 445 2928 quebar
480 2874 652 2930 praxim
684 2875 1006 2917 aduocatorum
1043 2888 1123 2930 per
1161 2888 1301 2917 unum
1338 2889 1505 2917 annum
1537 2847 1798 2916 redimendo
1830 2870 1905 2912 ui·-

275 2939 421 2975 ctum.
447 2934 557 2977 Inde
586 2934 681 2978 fere
710 2933 892 2976 biennio
919 2932 985 2975 fui
1012 2933 1133 2989 apud
1159 2932 1391 2975 dominum
1420 2934 1477 2976 de
1507 2931 1729 2976 Camera
1718 2945 1766 2973 1n
1787 2929 1906 2973 Hol-

351 3065 359 3085 ¹
413 3063 627 3109 Gregorius
646 3063 803 3099 Fabius.
822 3062 923 3098 Vide
942 3074 1057 3110 supra
1075 3073 1164 3109 pag.
1187 3071 1267 3109 114,
1285 3067 1419 3099 annot.
1442 3071 1455 3097 1
