2196 3522
971 347 1059 394 1561
1785 353 1829 390 71

291 494 409 537 1:34
871 506 1152 538 MONTEREGI
1157 506 1178 546 J

292 605 430 651 Venit
450 608 541 650 huc
562 605 698 651 etiam
727 604 1086 658 Bustamantius,
1117 619 1249 659 nam,
1270 619 1411 660 quum
1438 619 1577 663 aegre
1605 603 1835 649 videretur

201 683 432 729 rediturus
462 682 508 726 in
531 698 660 726 suam
687 682 967 740 prouinciam
1002 688 1186 739 propter
1221 695 1423 735 causam,
1453 696 1590 737 quam
1625 680 1836 738 superius

201 759 352 818 attigi,
371 761 665 804 commodum
685 759 926 803 videbatur
945 765 996 802 vt
1014 773 1090 803 me
1108 757 1290 802 iuuaret
1310 757 1358 800 in
1384 757 1658 810 visitatione,
1688 758 1835 802 donec

201 838 260 882 ad
281 837 379 882 eius
400 836 681 894 prouinciam
707 835 985 880 veniremus.
1018 833 1195 879 Mutaui
1221 841 1371 879 tamen
1393 842 1553 891 postea
1572 836 1660 878 hoc
1682 834 1834 878 consi-

199 914 328 967 lium,
353 922 399 959 et
426 913 713 971 Monteregio
740 913 867 957 illum
894 911 1046 956 remisi
1073 912 1120 955 in
1147 927 1277 956 suam
1303 911 1601 969 prouinciam,
1631 912 1737 955 data
1763 911 1835 954 in-

201 991 467 1045 structione;
492 1006 583 1034 non
606 990 725 1036 enim
746 989 895 1034 visum
916 997 986 1033 est
1006 989 1281 1044 consultum,
1304 997 1355 1032 vt
1375 996 1550 1032 careret
1570 987 1837 1047 prouinciali

200 1068 436 1125 prouincia
453 1075 544 1112 tam
565 1067 661 1120 diu,
679 1074 726 1111 et
747 1081 836 1124 ego
852 1081 945 1110 non
961 1067 1153 1124 egebam
1175 1065 1275 1110 eius
1294 1081 1432 1123 opera
1457 1065 1465 1124 Ι
1491 1065 1539 1108 in
1554 1064 1835 1119 visitatione,

201 1154 248 1190 et
268 1145 331 1188 illi
354 1145 484 1189 facile
506 1159 772 1202 persuasum
793 1150 864 1189 est
884 1151 934 1187 vt
955 1144 1014 1187 ad
1034 1158 1142 1187 suos
1163 1143 1345 1188 rediret.
1378 1144 1487 1187 Erat
1507 1143 1555 1186 in
1582 1144 1670 1186 hoc
1697 1143 1836 1187 colle-

200 1222 279 1279 gio
315 1223 463 1266 bonus
500 1223 553 1265 P.
585 1221 976 1275 Valderrauanus,
1012 1222 1022 1242 ¹
1052 1226 1216 1265 rector.
1250 1220 1496 1265 Habebant
1521 1233 1551 1274 4
1578 1220 1747 1265 classes
1789 1227 1837 1263 et

200 1299 500 1356 professorem
536 1313 725 1342 casuum
751 1297 1072 1342 conscientiae.
1105 1299 1246 1341 Erant
1276 1297 1580 1350 incommode,
1617 1303 1832 1354 anguste,

200 1375 299 1421 sine
321 1375 525 1428 ecclesia,
550 1374 650 1420 sine
671 1375 954 1428 fundatione,
989 1389 1130 1430 quum
1151 1374 1211 1418 sit
1237 1374 1452 1432 oppidum
1480 1381 1620 1420 tenue
1645 1373 1723 1418 vix
1749 1375 1833 1417 do*

200 1467 375 1497 morum
412 1465 485 1507 403
526 1467 581 1498 eo
618 1459 769 1496 tamen
800 1467 827 1496 a
852 1451 1015 1495 vicinis
1051 1451 1199 1509 pagis,
1239 1452 1296 1496 ad
1330 1451 1550 1496 lectiones
1584 1450 1834 1496 conuenie-

198 1530 309 1574 bant
329 1531 387 1573 ad
421 1543 509 1584 400
537 1529 795 1574 scholastici
823 1529 1068 1583 auditores,
1094 1529 1289 1574 maxima
1309 1545 1365 1575 ex
1387 1536 1516 1586 parte
1551 1528 1831 1586 pauperculi.

197 1608 467 1652 Afferebant
489 1621 579 1651 non
602 1607 951 1664 vu1135garem
975 1607 1188 1650 fructum.

287 1684 497 1738 Visitaui;
523 1699 614 1740 quo
636 1684 819 1742 nomine
846 1685 1127 1741 complector
1155 1683 1379 1738 examina,
1404 1683 1731 1738 confessiones,
1763 1698 1835 1727 re—

200 1761 491 1809 nouationem
532 1769 758 1815 votorum,
789 1776 906 1818 quae
935 1762 1028 1806 fere
1056 1762 1242 1815 fiebant,
1273 1769 1320 1805 et
1346 1761 1700 1806 exhortationes.
1731 1762 1837 1804 Non

199 1837 347 1894 potuit
369 1838 444 1895 agi
466 1839 523 1882 de
546 1838 828 1890 fundatione,
854 1839 977 1895 quod
998 1853 1151 1883 comes
1172 1853 1264 1882 non
1285 1839 1454 1884 aderat.
1482 1838 1621 1894 Quod
1637 1838 1693 1881 ad
1709 1837 1834 1882 aedi-

198 1913 352 1958 ficium
374 1913 551 1967 attinet,
582 1914 850 1972 praescripsi
877 1929 995 1971 quae
1032 1915 1320 1961 videbantur.
1343 1915 1460 1959 Illud
1481 1914 1607 1967 item,
1631 1921 1682 1957 vt
1706 1928 1833 1958 com-

198 1991 376 2035 modius
390 2006 490 2054 esse
506 1999 708 2048 possent,
728 1991 902 2037 interea
918 1993 1027 2035 dum
1045 2007 1216 2036 nouum
1234 1991 1550 2036 aedificaretur
1566 1991 1828 2049 collegium.

289 2067 394 2112 Vidi
435 2068 758 2122 eremitorium,
797 2069 897 2114 siue
939 2069 1197 2113 inchoatam
1237 2069 1474 2114 ecclesiam
1488 2103 1499 2123 ,
1542 2068 1732 2112 miliario
1773 2069 1834 2113 ab

197 2143 383 2201 oppido,
408 2159 525 2201 quae
546 2145 679 2189 nobis
699 2153 796 2190 erat
818 2146 940 2190 data.
974 2146 1146 2191 Censui
1162 2146 1284 2190 illam
1306 2147 1322 2167 ’
1350 2145 1359 2205 Ι
1385 2147 1510 2190 nulla
1530 2145 1708 2191 ratione
1728 2159 1830 2190 esse

198 2220 497 2276 retinendam,
518 2228 702 2278 propter
718 2230 957 2278 quaestum
974 2223 1363 2279 eleemosynarum
1379 2229 1426 2267 et
1435 2222 1760 2280 obligationem
1772 2223 1830 2266 ad

198 2296 372 2353 aliquas
393 2298 553 2342 missas
574 2298 887 2354 celebrandas,
911 2313 1029 2355 quae
1050 2298 1290 2344 videbatur
1310 2299 1543 2356 subsequi.

291 2374 460 2418 Habita
486 2374 560 2419 hic
589 2374 674 2418 fuit
707 2377 722 2397 ³
753 2390 846 2419 non
883 2375 1124 2420 incelebris
1159 2375 1405 2433 disputatio
1442 2375 1715 2432 theologica,
1755 2375 1829 2419 cui

201 2449 407 2495 interfuit
441 2452 602 2496 doctor
643 2454 847 2498 Oroscus
883 2460 930 2498 et
967 2452 1323 2497 Bustamantius.
1364 2453 1546 2498 Acriter
1580 2452 1830 2510 disputauit

201 2526 485 2583 Rengiphus,
509 2530 737 2585 professor
757 2544 963 2574 casuum.

290 2602 450 2646 Visum
486 2612 556 2648 est
591 2620 728 2662 egere
754 2608 843 2650 hoc
875 2607 1119 2664 collegium
1141 2607 1157 2628 ⁴
1194 2607 1343 2664 gratia
1363 2613 1409 2652 et
1435 2607 1603 2651 auxilio
1630 2606 1828 2663 episcopi

199 2679 437 2734 auriensis,
461 2682 547 2724 sub
569 2681 700 2726 cuius
721 2690 790 2727 est
810 2683 996 2738 diocesi,
1016 2691 1255 2741 propterea
1274 2684 1379 2728 veni
1400 2685 1458 2729 ad
1474 2700 1579 2729 eum
1594 2699 1699 2728 curn
1716 2685 1827 2746 Val—

197 2757 443 2801 derauano.
479 2758 550 2801 De
578 2749 759 2816 collegii
789 2760 1055 2806 fundatione
1086 2761 1201 2804 1:36
1230 2761 1307 2818 egi
1337 2769 1495 2818 postea
1525 2760 1829 2806 Salmanticae

195 2847 301 2875 cum
319 2847 443 2876 nouo
464 2833 627 2878 comite
648 2835 738 2878 don
761 2835 1042 2893 Hieronymo
1066 2839 1096 2881 ³.

271 2917 282 2938 ¹
334 2916 433 2961 Ms.,
461 2916 754 2952 Valderrauus.

266 2978 280 2997 ²
331 2976 377 3011 In
397 2987 472 3011 ms.
498 2977 618 3012 illam
635 2977 844 3024 repetitur.

270 3035 285 3055 ³
335 3035 394 3070 Ms
405 3063 411 3070 .
424 3061 433 3079 ‚
451 3035 615 3082 hicfuit
631 3036 709 3072 hic.

272 3095 288 3115 ⁴
335 3095 434 3141 Ms.,
453 3095 634 3143 collegio.

270 3154 288 3174 ⁸
337 3153 401 3190 Nil
421 3154 461 3189 in
478 3154 548 3190 fol.
577 3153 643 3189 136
661 3167 698 3190 ν.
720 3155 907 3202 scriptum
926 3156 1016 3193 fuit.
