2196 3522
947 242 1166 282 Appennix
1796 243 1868 292 619

234 345 423 403 doctori,
447 345 629 391 maestri
651 353 697 392 et
718 346 925 404 discipuli
952 347 1071 392 della
1093 346 1376 404 Compagnia
1403 346 1467 390 fin
1494 360 1521 391 a
1550 359 1622 403 34,
1653 349 1738 392 che
1771 354 1866 391 tro-

235 421 406 451 uerano
427 406 537 464 ogni
553 421 660 450 cosa
678 406 899 451 ordinata.
921 405 1073 463 Quelli
1089 408 1174 450 che
1192 422 1304 451 sono
1321 408 1482 450 adesso
1498 407 1699 464 partiran
1715 407 1757 450 al
1774 407 1866 452 fine

235 467 294 510 de
309 466 463 525 Junio,
488 466 673 510 acioche
694 466 732 510 si
754 466 875 523 possi
896 468 1053 511 hauer’
1079 473 1229 523 tempo
1252 467 1308 509 de
1330 469 1508 511 metter’
1532 466 1579 509 in
1607 467 1764 510 ordine
1785 480 1866 523 per

236 526 267 570 li
284 526 531 583 sopradetti
551 527 668 569 della
689 526 987 583 Compagnia.
1007 526 1107 569 Con
1125 533 1286 582 questo
1303 542 1328 569 a
1346 528 1406 569 V.
1434 527 1486 570 S.
1514 527 1572 569 R.
1599 526 1644 568 di
1661 541 1771 570 cuor
1793 541 1866 571 me

237 586 574 638 racommando,
604 586 881 643 pregandola
908 587 993 628 che
1019 585 1153 628 saluti
1181 585 1225 627 in
1255 585 1345 628 mio
1373 600 1506 629 nome
1532 585 1563 627 li
1590 585 1700 629 R.di
1731 585 1866 629 Padri

237 646 515 698 Salmerone,
535 646 626 688 don
644 646 842 689 Polanco
857 652 904 688 et
920 644 1172 688 Cauillonio
1189 643 1302 703 [sic],
1323 644 1443 700 quali
1461 644 1567 688 tutti
1583 645 1760 702 pregini
1775 645 1867 689 Dio

235 719 316 761 per
331 720 423 748 me.
450 704 618 750 Scritto
632 720 659 748 a
674 706 834 757 Roma,
853 705 939 748 alla
959 703 1115 761 vigilia
1129 705 1233 747 dell’
1254 703 1614 748 Annuntiatione
1630 706 1746 749 della
1762 706 1865 761 glo-

234 764 350 809 riosa
374 763 563 822 Virgine
586 764 727 808 Maria
764 765 889 819 1563.
921 766 992 808 De
1020 765 1077 808 V.
1110 763 1219 807 R.da
1250 765 1317 819 Ρ.Δ
1334 765 1642 808 honooreuole
1670 764 1863 820 fratello,

944 824 993 867 IL
1024 836 1265 868 CARDINAL
1298 825 1343 867 D’
1369 824 1623 868 AUGUSTA.

998 984 1102 1028 XIII

809 1079 1012 1117 PETRUS
1037 1080 1107 1116 DE
1132 1078 1293 1117 erzA

740 1178 778 1208 s.
812 1178 1076 1209 FRANCISCO
1109 1178 1171 1208 DE
1204 1178 1354 1218 BORJA

698 1253 901 1307 Lovanii,
939 1254 988 1297 18
1018 1253 1187 1310 Aprilis
1225 1255 1334 1309 1563
1368 1255 1396 1297 ¹.

232 1344 437 1393 Imagines
454 1344 618 1388 Romae,
631 1345 798 1379 curante
814 1342 855 1379 S.
871 1342 1084 1378 Francisco
1097 1343 1145 1378 de
1159 1342 1303 1389 Borja,
1321 1354 1497 1385 excusaS‚
1516 1344 1636 1380 Patri
1654 1345 1864 1382 Everardo

773 1401 1033 1438 Mercuriano
1050 1402 1160 1437 mitti
1172 1403 1312 1449 poscit.

323 1483 391 1525 Ex
411 1481 728 1525 commissione
751 1479 899 1524 Patris
929 1479 1071 1523 nostri
1100 1480 1388 1536 prouincialis
1417 1481 1621 1538 magistri
1644 1483 1862 1527 Euerardi

232 1543 315 1585 has
336 1542 394 1585 ad
415 1548 538 1584 tuam
560 1542 870 1586 Reverentiam
896 1540 1219 1584 Paternitatem
1241 1541 1390 1584 scribo
1408 1541 1596 1594 litteras,
1618 1543 1782 1598 quibus
1799 1543 1861 1586 si-

234 1600 451 1658 gnificare
471 1600 518 1644 in
539 1600 689 1644 animo
709 1607 795 1653 est,
820 1600 941 1656 quod
962 1599 1069 1643 huic
1092 1599 1215 1643 Patri
1238 1608 1392 1644 nostro
1409 1601 1674 1657 prouinciali
1694 1602 1861 1659 gratis-

234 1660 414 1714 simum,
438 1659 477 1704 si
498 1659 721 1712 foelicem,
747 1666 797 1702 ut
818 1673 1067 1716 speramus,
1092 1659 1263 1703 exitum
1295 1659 1578 1714 sortirentur,
1599 1669 1732 1706 esset.
1769 1663 1859 1705 Ex-

236 1727 362 1776 optat
391 1718 666 1776 permaxime
698 1721 833 1763 Pater
863 1717 936 1762 hic
967 1726 1120 1762 noster
1152 1726 1272 1763 tuam
1308 1727 1351 1763 te
1383 1719 1468 1763 sibi
1500 1721 1861 1765 benedictionem

236 1779 424 1824 concedi
445 1778 662 1836 imprimis
677 1785 723 1822 et
743 1784 849 1823 ante
865 1777 1030 1821 omnia.
1057 1779 1354 1822 Postmodum
1372 1779 1506 1823 etiam
1524 1781 1764 1834 desiderat,
1785 1780 1860 1825 illa

237 1838 419 1892 eximia,
443 1853 534 1895 qua
561 1845 631 1882 est
657 1837 703 1881 in
730 1837 971 1882 Societatis
997 1838 1202 1881 alumnos
1229 1839 1464 1892 charitate,
1489 1839 1710 1896 imagines
1732 1841 1789 1884 ad
1810 1855 1861 1885 se

236 1898 476 1955 impressas
497 1897 667 1954 aliquot
682 1896 815 1950 mitti,
834 1911 938 1940 cum
955 1911 1127 1951 omnes,
1149 1904 1244 1940 tum
1264 1899 1336 1942 uel
1352 1898 1450 1942 illas
1466 1899 1723 1956 praecipue,
1743 1914 1860 1955 quae

236 1958 454 2002 dominae·
471 1964 652 2001 nostrae
684 1955 872 2013 virginis
899 1956 1068 2001 Mariae
1096 1957 1314 2000 rosarium
1342 1966 1698 2015 repraesentant,
1722 1959 1860 2015 idque

235 2024 363 2061 tanto
383 2016 469 2061 sibi
489 2016 665 2074 gratius
687 2016 891 2060 futurum
911 2016 1119 2070 affirmat,
1144 2024 1314 2072 quanto
1341 2024 1386 2062 et
1408 2033 1434 2061 a
1460 2019 1559 2061 Tua
1588 2019 1859 2064 Reverentia

234 2077 493 2129 mittentur,
522 2083 569 2119 et
599 2074 755 2119 maiori
786 2074 1006 2120 eiusmodi
1034 2089 1184 2119 rerum
1211 2076 1257 2119 in
1284 2076 1354 2120 his
1383 2077 1586 2133 partibus
1614 2078 1859 2134 premimur

234 2136 411 2193 inopia,
442 2134 573 2179 cuius
600 2134 907 2179 sanctissimae
933 2134 1137 2191 petitioni
1168 2136 1428 2191 optimoque
1461 2137 1683 2181 desiderio
1713 2139 1858 2181 Tuam

235 2198 348 2240 Rev.
372 2195 696 2240 Paternitatem
713 2193 1042 2237 satisfacturam
1060 2209 1139 2251 per
1154 2195 1347 2252 primum
1366 2196 1646 2240 tabellarium
1665 2211 1756 2240 non
1772 2199 1858 2240 du-

235 2255 347 2308 bito;
379 2269 527 2310 neque
556 2254 675 2299 enim
704 2252 785 2296 tibi
817 2255 952 2298 Pater
979 2255 1258 2309 Reverende,
1283 2262 1363 2298 aut
1391 2257 1602 2299 uoluntas
1631 2257 1758 2300 deest
1780 2263 1858 2300 aut

237 2314 504 2358 excudendo
526 2313 635 2370 typi.
662 2312 903 2357 Nesciebat
924 2312 998 2356 ille
1026 2328 1105 2369 per
1134 2315 1278 2358 Tuam
1308 2315 1620 2359 Reverentiam
1646 2317 1858 2360 effectum

238 2389 337 2419 esse
358 2380 410 2416 ut
430 2373 478 2417 in
498 2373 632 2417 domo
654 2371 892 2417 Societatis
914 2379 1003 2416 tam
1026 2372 1262 2430 religiosae
1279 2373 1499 2431 imagines
1516 2375 1855 2431 effingerentur;

238 2448 317 2490 per
339 2447 411 2476 me
434 2439 585 2477 tamen
615 2431 778 2476 certior
806 2432 967 2485 factus,
994 2438 1042 2475 ut
1064 2432 1305 2477 scriberem
1332 2441 1378 2477 et
1406 2434 1490 2477 sibi
1520 2441 1691 2477 tantum
1715 2436 1858 2479 bene-

238 2493 391 2536 ficium
420 2491 556 2535 tribui
583 2504 787 2535 curarem
814 2490 1066 2547 imperauit.
1112 2492 1250 2536 Parui
1277 2494 1343 2550 (ut
1370 2494 1597 2549 decebat);
1623 2501 1690 2546 et,
1722 2509 1858 2550 quam

237 2551 403 2596 obnixe
424 2565 624 2608 possum,
655 2564 767 2607 rogo
796 2557 846 2593 ut
867 2551 924 2594 ad
943 2549 1068 2593 illum
1090 2550 1310 2608 imagines
1331 2551 1553 2597 eiusmodi
1581 2553 1858 2610 quampluri-

236 2626 334 2655 mas
357 2612 456 2655 Tua
477 2610 742 2654 Reverenda
763 2609 1016 2653 Paternitas
1038 2611 1326 2655 transmittat,
1353 2613 1490 2668 Quod
1507 2612 1553 2654 ni
1571 2619 1615 2655 te
1632 2627 1766 2668 quam
1789 2612 1856 2656 ci-

236 2671 408 2715 tissime
430 2672 654 2713 tacturum
676 2683 918 2726 sperarem,
943 2676 1065 2714 certe
1086 2685 1178 2713 non
1194 2677 1290 2715 erat
1306 2685 1388 2714 cur
1403 2671 1659 2715 scriberem.
1682 2672 1858 2716 Pietate

235 2738 386 2775 tamen
407 2729 483 2772 illa
504 2735 582 2772 tua
602 2728 821 2785 singulari
842 2736 888 2772 et
903 2728 1182 2774 humanitate
1199 2730 1357 2784 fretus,
1377 2737 1423 2774 et
1439 2730 1651 2785 scribere,
1671 2738 1716 2776 et
1733 2732 1856 2787 quod

234 2791 404 2834 sactum
426 2787 479 2831 iri
501 2803 650 2844 spero,
675 2794 828 2844 petere
855 2802 949 2831 non
976 2788 1197 2832 dubitaui.
1228 2789 1492 2846 Scripsisset
1521 2791 1578 2833 ad
1599 2792 1743 2834 Tuam
1765 2793 1856 2836 Re-

234 2849 476 2894 verendam
494 2846 833 2901 Paternitatem,
853 2846 891 2891 si
907 2847 1104 2904 alioquin
1122 2847 1202 2891 tibi
1219 2855 1353 2893 notus
1371 2849 1543 2903 fuisset;
1565 2864 1687 2894 meas
1706 2857 1856 2895 tamen

306 2992 318 3014 ¹
367 2992 425 3028 Ex
458 2990 711 3038 autographo,
741 2989 782 3026 in
814 2989 908 3026 Cod.
944 2998 995 3035 29
1028 2989 1081 3036 c),
1117 2988 1230 3027 unico
1254 2987 1336 3038 fol„
1357 2998 1426 3028 222
1456 2991 1567 3041 (408).
1600 2990 1699 3029 Vide
1725 3003 1855 3045 supra,

236 3051 325 3090 pag.
347 3047 428 3088 171,
446 3044 577 3076 annot.
597 3048 634 3085 4.
