2196 3522
957 270 1178 308 Appnnmx
1810 281 1880 320 579

245 356 359 416 siete
388 379 501 417 anos
526 387 557 430 y
586 372 789 418 medio...
826 386 898 418 22.
930 375 1024 431 Soy
1053 375 1111 418 de
1139 376 1343 432 epistola.
1378 388 1450 432 23.
1482 376 1551 419 En
1580 376 1831 433 Symancas
1851 390 1881 432 y

246 432 514 476 Salamanca
534 434 576 477 el
597 434 763 490 primer
783 441 871 478 ano
892 449 922 490 y
943 433 1109 486 medio,
1135 449 1194 478 en
1215 449 1344 480 cosas
1365 437 1423 480 de
1444 435 1639 490 novicio;
1659 436 1703 479 lo
1724 435 1879 480 demas

247 493 305 535 he
326 492 564 537 estudiado
585 501 706 538 artes
727 509 757 550 y
779 495 1024 551 theologia.
1054 495 1148 550 [IV,
1175 505 1278 550 552,
1305 497 1406 552 555]

345 565 383 596 1.
449 554 620 596 Petrus
641 553 875 610 Sylvius...
909 566 950 597 2.
982 552 1158 610 Viginti
1180 569 1401 599 nouem...
1434 568 1475 610 3.
1509 554 1735 599 Inferioris
1760 555 1879 599 Ger-

248 610 441 664 maniae,
472 612 734 669 prouinciae
760 612 1026 666 flandricae,
1060 612 1347 670 episcopatus
1383 614 1732 671 cameracensis,
1771 614 1879 671 pagi

169 690 177 697 ·
248 671 431 716 nomine
453 673 651 717 Hautem
674 672 831 717 Sancti
852 671 1014 717 Leuini
1041 671 1158 716 inter
1186 674 1460 718 Gandauum
1482 681 1528 718 et
1554 674 1782 726 A103tum‚
1808 673 1878 716 vi-

247 730 429 774 cinioris
452 738 603 775 tamen
625 732 840 776 Alosto...
873 744 939 786 14.
965 733 1242 777 Sacerdos...
1269 732 1489 789 Magister
1510 732 1672 776 artium
1700 740 1746 777 et
1768 734 1879 776 bac-

247 791 483 835 calaureus
505 791 764 848 theologiae
785 792 1058 835 formatus...
1083 789 1249 850 [Magn]
1281 805 1318 836 Ι.
1350 792 1476 849 Quid
1501 793 1671 849 legant.
1713 805 1748 836 1.
1782 794 1877 837 De-

246 850 594 903 monstrationes
634 858 678 895 et
720 851 858 895 libros
898 850 972 894 de¹
997 850 1161 905 anima3
1201 852 1316 895 duos
1358 866 1501 895 annos
1542 866 1743 905 cursum,
1784 859 1877 897 tres

247 909 604 966 grammaticam,
631 924 772 953 unum
794 909 1081 955 rhetoricam.

337 970 559 1025 [Alterum
587 969 789 1025 ejusdem
816 971 958 1026 Sylvii
978 971 1204 1026 examem]
1236 971 1374 1014 Anno
1406 971 1516 1026 1567
1546 970 1619 1014 die
1648 971 1673 1013 8
1704 969 1876 1026 Aprilis

247 1028 471 1079 Treveris.
504 1042 539 1073 1.
562 1030 732 1072 Petrus
753 1029 948 1086 Sylvius.
976 1041 1013 1072 2.
1039 1029 1248 1086 Triginta
1270 1029 1421 1082 trium,
1449 1043 1521 1085 33,
1547 1044 1768 1073 annorum
1797 1038 1876 1073 aut

247 1094 313 1131 tot
347 1088 606 1145 propediem
644 1089 840 1132 futurus.
882 1102 924 1144 3.
964 1089 1000 1132 F
1003 1089 1173 1133 lander.
1214 1090 1463 1133 Alostanus
1504 1090 1673 1134 Sancto
1711 1088 1875 1133 Liuino

245 1147 550 1192 hautemius...
583 1160 647 1192 12.
670 1149 720 1191 In
741 1147 1015 1193 Societatem
1036 1155 1246 1205 receptus
1266 1148 1373 1192 anni
1394 1147 1505 1205 lapsi
1526 1155 1634 1192 sunt
1655 1155 1873 1204 quatuor-

246 1207 416 1260 decim,
447 1207 548 1264 plus
582 1206 747 1260 minus,
778 1207 825 1250 ni
861 1207 1049 1260 fallitur,
1080 1207 1127 1250 in
1156 1208 1420 1262 Brabantia,
1450 1207 1705 1253 louaniensi
1740 1209 1874 1251 domo

247 1273 371 1320 tunc,
396 1281 519 1310 nunc
539 1266 747 1323 collegio:
772 1280 858 1311 nec
886 1273 994 1310 tunc
1022 1267 1204 1322 quidem
1227 1267 1526 1320 examinatus,
1552 1268 1632 1312 sed
1659 1274 1762 1324 post
1789 1282 1874 1310 an-

246 1341 355 1369 num
378 1327 602 1370 Romae...
634 1337 700 1382 15.
727 1327 775 1369 In
807 1326 1074 1380 louaniensi,
1107 1342 1309 1381 romano,
1331 1326 1588 1379 florentino,
1620 1326 1870 1383 tyburtino,

243 1385 472 1442 pragensi,
497 1385 857 1442 ingolstadiensi,
880 1385 1128 1431 coloniensi
1155 1386 1277 1439 olim,
1302 1386 1389 1430 iarn
1419 1386 1658 1431 treuirensi
1686 1385 1867 1443 degit...

249 1456 316 1499 17.
342 1444 506 1489 Adfuit
527 1446 642 1489 Rdo.
668 1444 793 1489 Patri
814 1447 1011 1502 LayneZ,
1037 1446 1228 1503 scriptor
1249 1454 1295 1491 et
1317 1445 1624 1490 cubicularius
1640 1452 1686 1489 et
1704 1445 1872 1488 indiui-

242 1505 363 1547 duus
390 1508 556 1558 comes,
581 1504 835 1549 Florentiae
861 1519 942 1562 per
970 1504 1170 1561 quinque
1198 1520 1393 1560 menses3
1430 1507 1603 1550 Romae
1629 1505 1764 1549 etiam
1793 1520 1871 1561 per

241 1563 413 1620 aliquot
432 1579 610 1608 menses
631 1578 751 1607 unus
773 1579 829 1608 ex
850 1563 1145 1620 scriptoribus
1166 1565 1362 1608 cubiculi
1388 1564 1535 1609 Patris
1558 1564 1742 1608 Polanci
1764 1578 1869 1608 cum

241 1624 450 1667 Guthero
475 1623 522 1683 [?]
548 1625 558 1645 ¹
582 1631 628 1667 et
643 1626 820 1682 Joanne
843 1623 1100 1680 Philippo...
1128 1626 1370 1668 Promotus
1396 1631 1467 1668 est
1493 1631 1599 1668 ante
1629 1623 1870 1668 Societatis

240 1682 497 1739 ingressum
520 1683 718 1739 quidem,
742 1682 933 1739 Louanij
956 1683 1188 1740 magister:
1214 1684 1259 1727 in
1277 1684 1504 1729 Societate
1520 1698 1628 1727 vero
1645 1684 1870 1739 Ingolsta-

242 1741 301 1798 dij
326 1756 481 1786 sacrae
503 1742 756 1800 theologiae
777 1744 1099 1788 baccalaureus
1120 1743 1327 1787 biblicus:
1348 1743 1566 1799 Coloniae
1583 1742 1870 1786 setentiarius

243 1808 289 1844 et
311 1802 543 1845 formatus:
570 1801 771 1846 Treuiris
791 1801 1048 1846 licentiatus
1075 1810 1121 1847 et
1150 1804 1323 1846 doctor.
1355 1802 1517 1847 Literis
1538 1817 1721 1858 operam
1743 1801 1868 1845 dedit

243 1861 470 1905 flandricis
491 1868 538 1905 et
558 1861 723 1916 latin1s;
749 1876 1015 1918 graecarum
1037 1862 1173 1907 etiam
1195 1870 1240 1907 et
1256 1863 1551 1907 hebraearum
1570 1861 1707 1904 initiis
1724 1861 1870 1918 (prae-

244 1927 311 1964 ter
332 1935 514 1964 cursum
536 1921 908 1978 philosophicum)
932 1921 1086 1978 patrijs
1107 1923 1289 1978 quidem
1311 1921 1397 1965 illis
1417 1922 1474 1966 ab
1495 1935 1613 1965 anno
1629 1920 1789 1966 aetatis
1807 1920 1870 1975 7.ο

242 1987 322 2024 aut
345 1981 369 2023 8
394 1994 538 2036 usque
559 1981 616 2024 ad
650 1991 783 2034 11.m,
807 1980 957 2024 latinis
987 1995 1066 2037 per
1094 1996 1237 2025 annos
1263 1988 1476 2037 quatuor,
1507 1979 1684 2036 graecis
1711 1987 1757 2025 et
1785 1981 1869 2023 he-

242 2039 405 2083 braicis
426 2054 506 2083 sex
533 2039 781 2085 mensibus:
813 2040 1069 2097 theologiae
1098 2041 1190 2085 fere
1220 2055 1339 2084 anno
1366 2048 1412 2085 et
1439 2042 1660 2085 hactenus
1687 2039 1870 2096 quidem

240 2106 347 2144 ante
363 2098 638 2144 Societatem
654 2098 861 2155 publicae
877 2099 982 2143 fidei
998 2100 1163 2144 scholis
1180 2107 1225 2145 et
1241 2099 1609 2157 praeceptoribus
1626 2113 1752 2151 usus,
1773 2106 1869 2141 tum

238 2157 512 2202 doctissimis
523 2166 569 2202 et
580 2158 924 2211 honestissimis,
938 2165 1034 2202 tum
1048 2159 1188 2216 Sylvij
1203 2159 1538 2211 amantissimis,
1552 2158 1598 2201 in
1612 2157 1742 2214 pagis
1755 2158 1870 2202 Alo—

236 2218 311 2271 sti,
331 2218 536 2274 Lovanij;
555 2217 602 2261 in
620 2217 850 2263 Societate
866 2233 922 2263 ex
939 2219 1140 2275 professo
1158 2219 1234 2262 vix
1253 2234 1451 2276 unquam
1468 2193 1576 2274 quid
1593 2217 1765 2270 didicit,
1781 2217 1867 2260 nisi

239 2277 516 2334 theologiam
537 2277 798 2334 Ingolstadij
822 2278 1000 2321 duobus
1022 2279 1135 2322 forte
1157 2278 1300 2322 annis.
1327 2280 1496 2325 Romae
1512 2277 1693 2334 quidem
1717 2276 1868 2333 coepit

239 2351 422 2380 cursum
455 2337 762 2394 theologicum
788 2336 982 2393 primum
1010 2338 1095 2380 sub
1124 2340 1177 2381 P.
1210 2338 1398 2391 Olaui03
1430 2338 1510 2381 sed
1536 2344 1638 2394 post
1665 2350 1866 2380 mensem

240 2403 319 2440 aut
340 2395 519 2441 circiter
539 2396 585 2440 in
607 2397 814 2440 morbum
841 2395 1014 2449 incidit,
1040 2396 1117 2452 qui
1144 2397 1344 2441 studium
1377 2404 1422 2440 et
1452 2411 1635 2453 operam
1664 2395 1866 2439 discendi

241 2455 430 2512 abrupit.
458 2458 650 2513 Pragae,
676 2455 906 2509 Coloniae,
932 2455 1131 2501 Treuiris
1147 2456 1376 2513 disputaui
1391 2463 1436 2501 et
1453 2454 1678 2512 respondi:
1700 2453 1866 2510 alioqui

239 2529 297 2559 ex
322 2514 530 2559 instituto
557 2515 774 2560 lectiones
803 2517 895 2559 sere
923 2516 1070 2559 nullas
1091 2515 1281 2568 audiuit,
1311 2515 1397 2559 nisi
1419 2515 1640 2572 aliquotg
1613 2528 1799 2557 orraecas
1820 2520 1866 2556 et

241 2576 430 2620 hebreas
451 2581 497 2619 et
517 2574 857 2618 mathematicas
878 2575 1000 2618 aliud
1028 2577 1206 2632 agendo
1233 2549 1512 2630 Irigolstadij.
1545 2572 1712 2617 Docuit
1740 2579 1867 2616 extra

240 2631 515 2679 Societatem
543 2634 730 2689 Lovanij
759 2633 992 2677 dimidiato
1025 2649 1144 2678 anno
1169 2634 1217 2678 in
1246 2634 1526 2691 philosophia
1561 2631 1788 2689 priuatim3
1820 2631 1866 2674 in

237 2694 395 2750 eadem
412 2692 548 2737 etiam
563 2693 790 2738 interdum
807 2693 988 2737 nomine
1005 2693 1332 2737 ordinariorum
1350 2701 1536 2751 rogatus
1553 2691 1734 2748 publice
1750 2705 1867 2734 non-

237 2767 485 2809 numquam
507 2759 553 2797 et
573 2752 620 2796 in
641 2752 958 2809 grammaticis.
983 2754 1031 2796 In
1056 2752 1283 2798 Societate
1303 2767 1413 2796 vero
1401 2731 1589 2796 t’docuit
1611 2750 1868 2793 rudimenta

236 2812 379 2869 prima
419 2811 573 2855 latina.
623 2812 814 2869 primam
860 2819 1033 2868 partem
1060 2812 1371 2869 Despauterij,
1408 2812 1610 2856 eiusdem
1641 2808 1867 2865 syntaxim

236 2879 281 2918 et
302 2871 669 2917 versificatoriam
691 2872 743 2929 (si
770 2871 1117 2915 versificatoriae
1145 2872 1255 2915 satis
1282 2871 1517 2927 meminit),
1543 2869 1796 2925 Vergilium
1821 2876 1866 2911 et

237 2931 405 2988 aliquid
427 2930 687 2984 rhetorices3
713 2931 793 2976 sed
816 2933 927 2976 haec
949 2931 1151 2988 proxima
1172 2932 1264 2976 duo
1294 2938 1474 2976 nostros
1502 2928 1622 2974 domi
1645 2929 1868 2988 Ingolsta-

316 3065 326 3086 ¹
377 3061 555 3101 Obscure
573 3067 786 3099 exaratum.
