2196 3522
897 283 919 310 2
943 274 1194 311 Novmfflisus
1222 274 1314 320 1563
1490 272 1492 274 ’
1851 274 1919 321 431

286 390 449 433 parece
469 375 594 419 daria
613 375 880 419 auctoridad
900 390 931 432 y
952 376 1102 432 ayuda
1123 377 1209 419 610
1224 376 1444 433 911661961
1461 377 1535 422 661
1551 375 1748 433 collegio
1764 377 1821 421 de
1838 376 1921 420 Di-

286 453 428 510 linga;
458 467 555 496 mas
581 458 680 497 esto
708 453 971 498 finalmente
997 466 1047 496 se
1070 452 1495 497 considerata..Las
1523 452 1804 498 conditiones
1833 468 1922 509 que

290 531 347 574 V.
374 531 427 573 R.
454 530 602 574 561166
625 544 784 585 (16656
806 530 996 573 habrian
1017 531 1075 573 de
1097 545 1238 586 90661
1260 531 1333 574 661
1365 538 1599 575 contracto
1626 531 1699 575 del
1727 531 1923 588 collegio

288 608 347 652 de
367 606 554 664 Dilinga
575 622 769 663 parecen
785 607 914 662 bien;
945 622 991 664 y,
1017 607 1055 652 si
1081 614 1210 652 antes
1241 608 1299 652 de
1330 609 1373 652 la
1406 609 1595 652 tornada
1626 609 1683 652 de
1717 610 1774 652 V.
1801 610 1850 652 R.
1875 623 1926 652 se

290 684 447 729 ubiere
468 685 525 727 de
545 685 683 728 hazer
710 685 752 729 el
780 691 1029 742 contracto,
1060 692 1189 728 antes
1221 700 1310 741 que
1342 686 1384 730 el
1416 686 1628 730 cardenal
1662 692 1788 741 parta
1820 701 1927 742 para

290 764 494 819 Spagna,
519 776 568 805 se
591 763 749 806 tendra
770 761 1102 806 consideratit'm
1125 766 1150 805 6
1172 763 1216 805 10
1238 777 1328 818 (166
1349 778 1406 806 66
1429 770 1525 807 esta
1543 778 1572 818 y
1587 769 1708 806 otras
1725 763 1861 807 letras
1877 777 1928 807 se

289 841 348 883 ha
365 839 521 883 scritto
544 843 570 882 6
591 840 649 883 V.
676 840 730 882 R.
756 853 890 895 sopra
910 839 953 882 el
972 838 1107 882 dicho
1129 847 1378 883 contracto.
1406 841 1523 884 Pero
1540 839 1577 883 si
1601 854 1661 882 no
1685 855 1734 884 se
1757 854 1814 882 ua
1830 846 1928 882 este

288 916 496 961 inuierno
526 917 567 960 el
596 917 822 970 cardenal,
852 930 985 959 como
1017 930 1178 973 parece
1211 916 1447 970 uerisimil,
1478 932 1591 974 pues
1628 931 1688 959 no
1721 923 1926 960 tenemos

290 1008 464 1037 nueuas
486 1008 575 1049 que
597 1008 705 1038 sean
727 992 927 1049 partidos
957 994 1015 1037 de
1042 994 1086 1036 la
1113 1001 1237 1039 corte
1271 1009 1350 1037 sus
1379 994 1496 1050 hijos
1523 995 1552 1047 ¹,
1577 995 1742 1038 hazese
1763 999 1929 1036 cuenta

290 1085 380 1127 que
402 1072 459 1114 V.
486 1071 540 1113 R.
567 1084 740 1115 mesmo
761 1069 992 1114 6066111116
1024 1085 1110 1114 606
1143 1071 1185 1114 61
1216 1072 1427 1115 66166661
1459 1072 1501 1116 61
1532 1078 1762 1115 contratto
1791 1086 1820 1126 y
1846 1085 1928 1127 por

292 1154 486 1191 uentura
500 1162 558 1190 en
573 1146 776 1204 Dilinga,
793 1162 965 1204 porque
981 1148 1023 1191 61
1039 1163 1097 1204 ya
1113 1153 1210 1192 esta
1226 1159 1282 1194 en
1298 1149 1512 1202 Bolsano,
1532 1164 1561 1205 y
1574 1163 1623 1192 se
1637 1163 1743 1204 crey
1760 1162 1849 1204 que
1867 1162 1927 1190 no

232 1239 239 1245 ·
293 1223 505 1269 teniendo
527 1224 654 1290 66150
675 1224 792 1268 66116
815 1224 981 1268 666166
1001 1226 1059 1270 (16
1080 1240 1205 1270 65505
1227 1225 1453 1283 principes
1474 1225 1658 1282 seguira
1673 1239 1727 1269 su
1751 1225 1928 1268 camino

290 1303 421 1345 hasta
442 1305 468 1344 6
487 1301 688 1359 Dilinga.
715 1303 805 1346 Los
827 1315 916 1357 que
937 1302 1069 1346 dizen
1092 1318 1180 1359 que
1199 1304 1380 1347 todauia
1396 1303 1616 1355 uendran,
1636 1301 1825 1359 piensan
1840 1308 1930 1357 que

291 1393 399 1435 para
420 1379 469 1423 S.
496 1380 662 1422 Martin
684 1383 815 1422 seran
839 1394 894 1424 en
921 1380 1131 1434 Bolsano;
1157 1395 1186 1437 y
1209 1395 1258 1425 65
1279 1380 1421 1424 cierto
1444 1394 1533 1435 que
1561 1380 1628 1422 105
1655 1394 1846 1435 6596166
1872 1392 1928 1434 30

291 1456 484 1513 galeras:
509 1471 606 1500 mas
629 1457 734 1500 todo
755 1464 854 1500 esto
876 1471 936 1500 no
952 1457 1082 1501 basta
1098 1472 1205 1514 para
1223 1471 1312 1513 que
1328 1472 1379 1502 56
1397 1464 1535 1514 tenga
1552 1455 1749 1501 certitud
1766 1457 1823 1499 de
1840 1470 1930 1512 que

291 1535 442 1589 hayan
463 1533 520 1576 de
541 1532 698 1589 partit,
724 1533 935 1577 1665511116
956 1535 1119 1578 stando
1141 1535 1183 1578 61
1204 1534 1411 1579 16616160
1442 1541 1518 1578 tan
1547 1534 1769 1577 adelante.
1795 1534 1864 1576 En
1885 1533 1930 1576 lo

292 1610 350 1654 de
371 1611 438 1653 los
459 1609 656 1664 dineros,
681 1611 739 1655 de
760 1614 865 1666 aqui
887 1611 964 1655 fue
985 1611 1239 1655 informado
1268 1612 1310 1656 61
1340 1613 1388 1655 P.
1421 1613 1478 1655 D.
1514 1610 1623 1654 Luis
1644 1611 1659 1632 ²
1684 1625 1793 1667 para
1816 1616 1928 1653 trat-

294 1687 407 1730 tarlo
428 1701 516 1730 606
541 1687 584 1730 61
605 1688 832 1749 66166661,
858 1702 1030 1744 porque
1051 1703 1211 1745 parece
1244 1703 1334 1744 que
1364 1689 1406 1732 el
1438 1691 1593 1746 queria
1621 1688 1702 1730 dar
1723 1702 1830 1731 6016
1851 1686 1929 1729 1611

292 1763 488 1808 florines.
517 1763 736 1807 Tambien
758 1779 808 1808 65
830 1764 1086 1809 necessario
1118 1780 1207 1821 que
1240 1780 1289 1809 56
1320 1767 1435 1810 dexe
1468 1766 1509 1819 el
1541 1764 1671 1808 cortil
1694 1768 1720 1807 6
1742 1771 1929 1807 nuestro

294 1839 502 1897 collegio,
527 1855 556 1896 y
578 1854 667 1903 que
686 1841 753 1884 165
774 1841 965 1898 gallinas
986 1856 1016 1898 y
1037 1842 1298 1899 collegiales
1328 1843 1386 1886 de
1408 1843 1504 1888 S.t0
1528 1841 1796 1885 Hieronimo
1817 1841 1929 1883 bus-

293 1932 415 1973 quen
437 1919 452 1938 ⁵
475 1925 574 1961 otro
596 1918 744 1974 lugat,
768 1933 798 1974 y
820 1922 908 1963 assi
930 1934 980 1964 56
1002 1924 1246 1976 910661616
1267 1934 1355 1963 606
1377 1920 1418 1964 61
1440 1919 1667 1971 66166661,
1693 1919 1735 1962 61
1757 1918 1864 1974 (1661
1879 1931 1930 1960 56

295 2009 355 2037 66
375 1998 402 2037 6
423 1994 623 2051 Dilinga.
650 1995 768 2038 Creo
789 2010 847 2039 66
868 2010 923 2039 56
945 1997 1172 2052 presentia
1193 2011 1242 2040 56
1259 1999 1400 2040 116166
1418 1997 1560 2052 mejor
1576 1997 1764 2039 muchas
1781 2008 1925 2038 60565.

295 2072 360 2115 La
380 2069 564 2115 manera
585 2072 658 2116 661
679 2072 900 2128 gouierno
921 2074 979 2117 de
1003 2082 1188 2118 nuestro
1210 2074 1406 2131 collegio
1428 2089 1457 2130 y
1473 2074 1546 2117 del
1563 2074 1620 2116 66
1643 2074 1739 2117 8.ῒο
1763 2071 1930 2116 Hiero-

292 2195 559 2231 Illustrissima
579 2197 627 2230 D.
644 2196 691 2231 V.
712 2196 886 2243 prefatus
904 2198 953 2233 D.
969 2197 1151 2234 Canisius
1171 2199 1371 2234 Ecclesiae
1389 2195 1782 2244 huius'sCathedralis‚
1802 2195 1842 2230 in
1859 2195 1931 2230 hae

293 2255 467 2291 Ciuitate
493 2255 723 2302 Augustana
746 2255 786 2291 in
805 2256 1128 2293 concionatorem
1153 2263 1192 2294 et
1217 2258 1501 2305 predicatorem
1526 2255 1649 2292 Verbi
1674 2255 1750 2291 Dei
1773 2266 1796 2290 6
1819 2252 1932 2290 nobis

294 2319 531 2361 assumptus,
551 2315 628 2350 imo
645 2314 774 2362 potius
793 2327 814 2351 a
832 2316 989 2352 Christo
1008 2317 1177 2352 Domino
1196 2316 1423 2364 Apostolica
1437 2315 1603 2364 quadam
1618 2315 1823 2351 vocatione
1842 2312 1932 2348 mis-

295 2384 362 2408 sus
380 2380 455 2416 est,
473 2373 652 2409 omnibus
676 2373 753 2409 iam
776 2374 980 2420 cognitum
1004 2381 1331 2423 perspectumque
1358 2380 1418 2411 est
1436 2380 1625 2422 quantum
1650 2379 1690 2410 et
1707 2373 1845 2409 doctus
1872 2371 1932 2406 vir

294 2431 360 2467 ille
378 2432 527 2468 Eccles:
547 2434 646 2468 hanc
664 2438 835 2469 nostram
855 2434 931 2469 iam
947 2433 994 2481 [?]
1012 2435 1144 2470 multis
1162 2436 1352 2471 hactenus
1372 2434 1495 2470 modis
1515 2445 1583 2480 per
1607 2433 1747 2480 impios
1771 2430 1930 2466 infesta-

293 2495 373 2525 tam
390 2501 435 2525 ac
452 2490 710 2536 deuastatam,
729 2503 773 2527 66
791 2498 880 2539 post
899 2494 948 2528 D.
968 2494 1080 2539 Joan.
1100 2493 1215 2528 Fabri
1239 2493 1325 2540 piae
1354 2493 1563 2528 memoriae
1594 2490 1743 2537 egregij
1770 2489 1854 2524 Viri
1883 2487 1930 2534 [Ρ]

293 2548 415 2584 Verbi
429 2550 623 2586 Dominici
641 2551 680 2587 in
694 2552 766 2587 hac
780 2556 911 2587 nostra
923 2552 1099 2588 Ecclesia
1112 2552 1316 2599 praeconis
1330 2551 1497 2595 obitum,
1513 2550 1687 2589 nonnihil
1705 2547 1930 2596 aliquandiu

294 2607 509 2643 desolatam
525 2609 636 2656 quasi
653 2621 698 2645 66
716 2611 983 2656 languentem,
1003 2610 1238 2646 salutaribus
1257 2610 1338 2646 suis
1357 2610 1479 2646 diuini
1493 2609 1617 2645 Verbi
1635 2605 1930 2655 praedicationi-

294 2667 368 2702 bus
381 2666 510 2702 denuo
527 2667 765 2713 refocillarit‚
785 2675 825 2704 et
838 2670 948 2717 quasi
962 2675 1149 2717 quantum
1164 2670 1212 2705 ad
1230 2669 1495 2716 cognitionem
1510 2668 1689 2705 veritatis
1704 2665 1930 2703 Catholicae

294 2725 449 2768 attinet,
464 2727 747 2774 quodammodo
759 2730 1056 2765 restaurauerit.
1078 2730 1177 2764 Nam
1191 2729 1241 2764 ad
1254 2730 1369 2765 huius
1383 2729 1456 2765 viri
1470 2729 1691 2770 conciones,
1707 2737 1784 2761 non
1803 2726 1930 2760 solum

295 2785 518 2832 parrochiae
535 2786 619 2822 eius
636 2788 797 2834 subditj,
817 2789 887 2824 sed
910 2789 1071 2824 aliarum
1090 2788 1209 2824 etiam
1227 2788 1412 2824 Ciuitatis
1435 2787 1727 2823 Parrochiarum
1752 2785 1870 2819 Plebs
1888 2788 1930 2819 et

295 2844 472 2890 9096165,
494 2843 671 2882 addimus
687 2846 806 2882 etiam
830 2847 984 2894 sectarij
1010 2847 1285 2883 Praedieantes
1310 2852 1350 2883 et
1375 2847 1433 2883 eis
1455 2847 1689 2882 adherente-s
1712 2843 1928 2889 confluunt,

293 2907 336 2937 et
353 2901 457 2937 illius
475 2913 675 2940 sermones
692 2905 918 2941 auidissime
936 2906 1168 2943 audiunt...»
1187 2907 1543 2952 ΒΒΑΠΝξΒΕΒΕΕΒ,
1566 2906 1639 2940 loe.
1657 2902 1724 2938 eit.
1744 2902 1817 2948 111,
1836 2901 1924 2946 589·

369 2963 378 2983 ¹
430 2960 474 2995 Id
492 2967 553 2997 est
569 2961 639 2998 filii
658 2963 911 3000 Maximiliani
929 2966 981 3011 II,
999 2965 1105 3011 regis
1124 2976 1389 3000 romanorum.

364 3018 379 3038 ²
429 3019 473 3054 P.
495 3019 717 3057 Ludovicus
734 3021 783 3057 de
802 3023 1009 3059 Mendoza.

366 3079 381 3099 ⁵
430 3078 520 3124 Ms.,
540 3079 723 3116 buschen.
