2196 3522
303 299 348 344 78
868 291 912 326 P.
940 290 1128 325 NATAms
1153 289 1376 325 EPHEMER.

304 414 419 451 rum,
443 403 489 441 et
510 394 699 452 exposui
721 393 956 438 commode
977 391 1099 434 illam
1122 391 1329 448 regulam
1355 392 1386 444 ¹,
1416 397 1463 435 et
1489 391 1645 448 curauj
1675 397 1726 434 vt
1757 392 1811 435 P.
1844 392 1939 437 Leo

301 475 519 521 scriberet
536 488 617 530 pro
634 471 808 529 regula,
829 477 875 515 et
891 468 1051 526 scripsi
1067 482 1171 525 ego,
1192 482 1309 524 quae
1324 468 1434 512 152
1449 468 1575 512 volui
1590 483 1691 514 esse
1707 475 1863 526 parata
1879 469 1937 513 ad

302 552 523 597 edendam
545 548 895 594 declarationem
917 553 963 592 et
985 545 1240 603 apologiam
1262 544 1382 589 illius
1404 546 1607 603 regulae.

391 627 591 685 Rogauit
613 641 686 670 me
707 625 839 671 enixe
866 623 1017 668 Toleti
1044 622 1199 666 nutrix
1228 622 1442 680 Philippi,
1474 623 1698 668 Eleonora
1726 625 1936 668 Mascha-

302 706 442 759 renia,
467 704 634 749 nobilis
654 703 802 760 virgo,
828 709 876 745 vt
892 703 1076 745 domum
1107 700 1206 744 eius
1223 706 1269 746 et
1285 715 1463 757 agrum,
1485 699 1563 756 qui
1579 716 1637 746 ex
1653 700 1795 744 altera
1809 707 1938 757 parte

301 783 418 841 Tagi
440 781 622 839 respicit
644 780 940 837 Vlysiponam
962 777 1211 838 [viderem]‚
1235 779 1353 822 velle
1379 792 1429 822 se
1457 778 1674 823 sacellum
1700 777 1792 822 illic
1813 777 1938 822 aedi-

300 862 453 914 ficare,
478 867 566 904 etc.
594 860 702 902 Erat
722 871 795 901 res
817 855 988 914 grauis3
1013 857 1197 912 petebat
1218 855 1339 899 enim
1362 855 1451 898 illic
1468 854 1685 900 constitui
1701 869 1843 899 vnum
1860 862 1940 899 aut

302 940 494 983 alterum
516 936 813 980 sacerdotem.
839 935 941 977 Non
960 932 1086 990 potui
1105 940 1255 976 tamen
1271 932 1384 975 illud
1400 947 1492 975 non
1509 931 1726 988 polliceri,
1746 939 1792 977 et
1808 932 1941 977 inue—

302 1016 400 1060 nire
416 1014 652 1066 rationem,
666 1027 783 1068 quae
801 1013 970 1055 faceret
997 1011 1003 1069 Ι
1030 1018 1080 1053 vt
1097 1026 1153 1055 ex
1169 1010 1378 1054 instituto
1395 1009 1507 1052 illud
1523 1024 1623 1054 esse
1639 1010 1887 1064 videretur,
1899 1010 1940 1053 si

303 1091 659 1148 coniungeretur
675 1088 868 1146 collegio
886 1087 1031 1132 sancti
1046 1087 1254 1143 Antonij,
1272 1094 1322 1130 vt
1338 1088 1500 1131 domus
1517 1086 1823 1132 recreationis.
1845 1088 1941 1132 Ve-

304 1169 470 1221 nimus,
495 1167 691 1210 vidimus
713 1167 879 1218 locum,
904 1166 985 1209 sed
1006 1166 1128 1208 bona
1149 1164 1280 1221 virgo
1297 1163 1492 1208 mutauit
1508 1164 1797 1217 sententiam,
1817 1165 1941 1220 quod

305 1245 436 1289 nobis
458 1244 544 1288 fuit
565 1251 763 1302 gratum.
784 1243 851 1286 Ita
867 1242 1022 1287 euenit
1053 1249 1103 1284 vt
1124 1242 1187 1284 illi
1210 1243 1584 1297 obsequeremur,
1603 1241 1678 1286 cui
1694 1241 1938 1299 plurimum

304 1323 501 1367 debebat
523 1320 743 1372 Societas,
770 1327 814 1364 et
837 1334 920 1362 nos
942 1334 1080 1369 onere
1100 1320 1373 1364 leuaremur.

397 1398 604 1456 Egimus,
630 1404 768 1452 atque
790 1397 903 1440 adeo
924 1387 1230 1440 laborauimus
1258 1395 1306 1438 in
1333 1396 1731 1440 accommodandis
1753 1397 1768 1417 ²
1792 1403 1941 1441 statu-

309 1476 366 1519 tis
382 1474 692 1518 vniuersitatis
709 1472 958 1527 euorensis3
979 1488 1075 1518 rem
1091 1480 1243 1516 tamen
1259 1487 1342 1528 pro
1358 1479 1465 1516 voto
1494 1473 1800 1530 transegimus
1820 1474 1943 1531 apud

308 1551 596 1596 cardinalem.
623 1551 702 1594 Illa
724 1551 832 1594 153
860 1550 1070 1606 probauit
1093 1549 1290 1605 optimus
1316 1549 1543 1606 princeps,
1568 1557 1850 1594 reseruatum
1874 1557 1946 1594 ta·-

307 1643 412 1673 men
434 1627 652 1671 iudicium
669 1626 896 1684 generalis
912 1626 1169 1683 praepositi.

395 1705 535 1750 Dedit
557 1704 717 1761 regina
738 1704 848 1747 mihi
870 1703 916 1746 in
944 1702 1160 1747 viaticum
1190 1714 1276 1758 500
1312 1714 1354 1750 Δ
1391 1718 1568 1757 aureos,
1600 1720 1657 1749 ex
1685 1704 1851 1761 quibus
1872 1719 1946 1748 re—

308 1781 491 1828 seruaui
515 1792 587 1837 50:
612 1781 809 1837 reliquos
831 1782 1019 1824 Romam
1048 1779 1206 1824 curaui
1233 1780 1493 1834 mittendos,
1524 1795 1629 1825 cum
1657 1781 1823 1838 quibus
1843 1781 1946 1826 misi

309 1873 397 1914 400
420 1858 658 1916 (arbitror),
684 1872 799 1914 quos
820 1858 1007 1902 dederat
1028 1859 1119 1901 don
1136 1857 1342 1915 Ignatius
1358 1859 1554 1916 collegio
1570 1858 1717 1903 sancti
1733 1858 1941 1916 Antonij,

309 1951 411 1980 sum
433 1935 553 1979 enim
574 1935 896 1991 interpretatus
923 1949 1024 1980 esse
1051 1935 1161 1978 mihi
1188 1935 1419 1992 integrum
1445 1935 1567 1979 illam
1594 1936 1945 1993 applicationem

310 2027 543 2067 reuocare,
575 2011 839 2068 praesertim
867 2027 1007 2067 quum
1041 2012 1273 2057 videretur
1306 2012 1418 2056 illud
1445 1990 1690 2057 certo·non
1721 2015 1947 2059 affirmare

311 2091 403 2133 don
431 2089 653 2146 Ignatius,
685 2096 730 2134 et
760 2096 911 2132 tamen
939 2105 992 2134 ea
1020 2090 1077 2133 de
1104 2103 1154 2132 re
1181 2104 1303 2133 nunc
1335 2090 1511 2134 dubito.
1542 2091 1679 2135 Dedit
1713 2097 1948 2148 praeterea

314 2167 485 2210 mulam
506 2165 742 2223 egregiam
764 2167 937 2223 regina.
970 2166 975 2225 Ι

399 2242 579 2287 Placuit
614 2242 724 2286 mihi
761 2245 1053 2287 vehementer
1088 2259 1199 2300 puer
1235 2260 1328 2290 rex.
1351 2245 1649 2302 Fungebatur
1676 2245 1951 2291 institutoris

310 2320 460 2364 officio
481 2335 586 2363 cum
606 2321 756 2364 fructu
774 2322 825 2363 Ρ.
848 2321 1109 2365 Ludouicus
1125 2322 1369 2377 Goncales.
1391 2322 1482 2366 Hic
1498 2337 1578 2379 per
1594 2323 1747 2367 literas
1763 2324 1947 2381 Araozij

311 2397 513 2454 cognoui
535 2400 588 2440 P.
615 2397 905 2440 Franciscum
930 2398 1167 2443 emersisse
1190 2400 1424 2455 Bajonam.
1446 2399 1638 2457 Scripsit
1654 2400 1764 2446 item
1779 2401 1877 2458 ipse
1893 2402 1951 2445 ad

311 2488 385 2518 me
406 2481 452 2517 et
473 2473 595 2517 misit
616 2473 785 2528 literas,
811 2488 923 2529 quas
940 2474 1062 2518 illinc
1078 2476 1136 2518 ad
1152 2477 1321 2519 multos
1338 2477 1539 2520 dederat.
1566 2478 1665 2521 Has
1685 2492 1775 2535 ego
1796 2478 1950 2522 literas

311 2552 559 2595 debueram
589 2550 886 2607 supprimere,
919 2552 1040 2607 quod
1067 2566 1146 2608 per
1173 2552 1516 2609 incogitantiam
1544 2568 1636 2597 non
1665 2554 1767 2598 feci.
1799 2555 1950 2599 Araoz

313 2627 575 2671 mirabiliter
603 2629 967 2684 conquerebatur
995 2636 1040 2673 et
1073 2630 1354 2673 exclamabat
1385 2631 1442 2674 ad
1475 2631 1596 2674 illam
1623 2631 1951 2688 profectionem

312 2705 421 2748 154
451 2711 497 2749 et
523 2704 693 2759 literas,
724 2718 837 2759 quas
859 2704 1054 2748 misisset
1076 2720 1215 2761 quum
1238 2707 1431 2762 primum
1448 2708 1648 2754 venisset
1669 2708 1718 2752 in
1737 2708 1950 2762 Galliam,

313 2781 443 2838 quasi
451 2796 508 2825 ex
517 2781 670 2825 hostili
686 2795 736 2826 se
752 2782 1041 2835 confirmans,
1052 2789 1098 2826 et
1114 2790 1410 2828 contemnens
1427 2786 1728 2840 aduersarios,
1741 2792 1830 2830 etc.
1850 2787 1958 2830 Non

315 2859 465 2902 solum
484 2857 563 2915 qui
584 2872 680 2901 non
701 2858 818 2902 bene
841 2858 1084 2914 cupiebant
1113 2861 1166 2903 P.
1201 2861 1458 2915 Francisco,
1483 2863 1566 2908 sed
1587 2862 1799 2907 beneuoli
1820 2861 1958 2906 etiam
2025 2885 2027 2887 >

393 3044 403 3063 ¹
455 3041 546 3086 Ms.,
564 3041 725 3089 regula.

388 3102 402 3122 2
453 3099 543 3147 Ms.,
562 3101 879 3169 accomodanti83
